2378 3944
85 154 152 209 XVI
493 154 699 211 PRAEFATIO

86 305 224 382 missum,
249 304 355 364 deinde
378 305 458 364 vitro
482 305 520 364 ab
544 302 674 383 utraque
701 309 787 382 parte
814 308 976 384 ligneaque
1004 307 1104 368 forma

88 394 237 453 munitum
258 394 291 452 in
313 393 417 453 Museo
441 394 616 454 Britannico
639 397 808 471 repositum
832 399 886 456 est.

1 477 132 579 qfflgj
230 480 298 558 §a
335 482 407 563 ideo
432 487 534 542 autem
556 487 674 543 sextum
691 485 894 563 fragmentum
920 485 957 544 ad
975 488 1104 561 posteri-

3 583 121 662 oluqinia
140 591 227 631 orum
250 571 456 631 columnarum
486 573 619 649 aliquam
648 574 830 649 pertinuisse
861 573 994 648 affirmo,
1022 575 1104 650 quod

39 637 78 678 Α·
140 662 261 721 chartae
288 661 403 736 species
430 660 582 737 prioribus
610 661 642 720 id
666 662 795 722 adscribi
822 666 915 723 vetat.
964 663 1103 740 Namque

87 751 156 810 inde
189 750 226 809 ab
256 749 307 808 XI.
340 751 478 809 columna
510 750 604 809 fibrae
639 770 699 810 non
734 755 834 810 rectae
868 754 905 810 ut
933 754 1023 811 autea
1052 752 1103 811 sed

87 844 277 900 transversae
301 839 478 916 decurrunt,
510 858 606 915 neque
634 841 773 916 cuiquam
801 840 853 916 qui
879 859 1030 917 papyrum
1059 841 1103 900 in-

87 927 218 1004 spexerit
240 927 367 986 dubium
390 946 454 987 esse
474 931 587 1008 potest,
610 930 684 1004 quin
702 949 738 988 ex
762 928 878 989 duabus
898 930 1009 988 chartis
1030 930 1103 989 clim

87 1016 234 1093 separatis
265 1016 492 1093 conglutinatus
523 1017 572 1076 sit.
621 1017 657 1076 Id
688 1020 789 1077 autem
820 1019 926 1093 quanti
955 1021 1102 1078 momenti

86 1106 126 1165 sit
150 1105 252 1165 statim
275 1105 441 1182 apparebit.
487 1105 544 1164 Est
567 1106 647 1165 enim
670 1107 938 1184 opisthographus,
971 1111 1101 1184 suntque

85 1195 117 1253 in
154 1213 260 1254 aversa
291 1196 355 1254 eius
387 1197 473 1270 parte
510 1194 677 1270 scripturae
714 1195 869 1255 cuiusdam
899 1196 1102 1273 astrologicae

86 1284 241 1343 columnae
261 1302 320 1354 sex,
344 1302 470 1360 quarum
490 1283 590 1358 capita
612 1284 681 1342 imis
700 1284 942 1362 Hyperidearum
961 1286 1100 1362 partibus

86 1392 122 1431 ex
145 1371 270 1432 adverso
290 1373 391 1448 posita
410 1375 491 1433 sunt.
535 1373 643 1449 Itaque
660 1373 759 1449 prima
776 1374 831 1433 illa
849 1374 908 1433 duo
927 1375 1101 1452 fragmenta

85 1461 163 1535 libri,
187 1481 263 1538 quae
287 1461 494 1539 coniungenda
517 1479 581 1520 esse
606 1461 676 1536 dixi,
704 1463 741 1521 ab
765 1463 863 1529 altera
876 1481 995 1539 quoque
1015 1469 1102 1539 parte

84 1551 212 1627 primam
241 1551 411 1610 columnam
436 1550 601 1626 habebant;
632 1550 757 1610 tertium
788 1555 989 1628 quartumque
1022 1553 1101 1630 frag·

84 1647 219 1698 mentum
242 1639 373 1712 reliquas
397 1640 521 1715 habent3
547 1638 601 1698 sed
625 1640 765 1716 quintum
788 1659 882 1716 eaque
901 1642 1002 1715 quarti
1021 1660 1102 1716 pars,

84 1728 116 1785 in
139 1746 199 1803 qua
221 1727 272 1787 XI.
292 1727 454 1804 Hyperidis
478 1729 619 1787 columna
645 1729 758 1805 scripta
783 1731 844 1806 est,
869 1749 886 1789 a
909 1733 996 1807 tergo
1021 1732 1102 1789 omni

85 1817 236 1893 scriptura
258 1820 375 1876 vacant.
419 1817 469 1876 Ita
492 1836 528 1876 ex
552 1817 668 1877 duabus
696 1818 821 1891 chartis,
851 1837 867 1878 e
891 1817 1002 1894 quibus
1032 1839 1101 1878 con-

37 1970 41 1978 ,
86 1908 147 1965 stat
170 1905 325 1983 volumen,
356 1906 453 1965 altera
479 1908 604 1965 tantum
631 1900 873 1980 ὀπιεθόγραφοε
900 1909 955 1966 est.
1001 1907 1099 1967 Accu·

83 1995 181 2054 ratius
217 2014 311 2070 quum
342 1994 521 2070 inspexeris,
557 1994 673 2054 videbis
705 2015 721 2055 e
754 2014 805 2054 sex
842 2014 965 2056 aversae
1003 1997 1099 2073 partis

85 2083 230 2143 columnis
254 2083 394 2142 ultimam
421 2082 530 2142 mirum
557 2085 589 2142 in
615 2085 737 2143 modum
765 2087 994 2162 coangustatam
1025 2103 1099 2162 esse,

83 2176 120 2231 ut
143 2173 323 2232 alterutrum
346 2172 403 2231 tibi
426 2173 605 2232 sumendum
628 2173 680 2232 sit:
708 2176 762 2257 aut
788 2173 932 2233 defecisse
966 2175 1100 2250 spatium

85 2281 155 2321 eum
183 2261 234 2338 qui
263 2260 432 2337 scripserit,
465 2264 519 2321 aut
546 2261 611 2320 eius
639 2262 794 2321 columnae
822 2266 939 2338 partem
968 2262 1100 2339 aliquam

85 2351 236 2410 abscisam
267 2351 330 2411 sive
358 2350 484 2409 alterius
516 2351 638 2410 chartae
670 2350 912 2428 agglutinatione
944 2350 1100 2411 inductum

85 2458 158 2500 esse.
213 2441 287 2499 Inde
321 2443 423 2498 autem
454 2440 623 2499 necessario
656 2440 861 2518 consequitur,
899 2459 933 2498 eo
963 2444 1099 2515 tempore

85 2547 143 2604 quo
172 2529 246 2588 haec
274 2529 455 2606 astrologica
483 2528 596 2605 scripta
624 2528 684 2588 sint
712 2528 786 2588 duas
819 2530 938 2588 chartas
966 2529 1099 2588 nondum

85 2617 258 2676 coniunctas
281 2616 389 2693 fuisse,
413 2621 443 2676 et
465 2617 498 2676 iu
522 2617 585 2676 eius
610 2617 730 2676 demum
753 2611 843 2677 usum
866 2635 916 2677 aas
940 2635 1006 2676 esse
1030 2636 1097 2677 con-

85 2706 211 2783 iunctas,
232 2707 282 2783 qui
297 2705 461 2783 Hyperidis
480 2706 647 2765 orationem
667 2707 830 2784 scripserit.
859 2705 1098 2766 Consentaneum

85 2797 188 2854 autem
211 2798 265 2871 est,
287 2795 396 2871 prioris
420 2795 541 2854 chartae
568 2814 628 2855 non
655 2814 761 2855 aversa
783 2799 870 2871 parte
894 2795 946 2854 sed
973 2796 1098 2857 aduersa
1140 2814 1142 2865 ι

84 2884 171 2942 illum
194 2884 382 2960 astrologum
403 2903 494 2943 usum
516 2902 594 2960 esse,
621 2883 677 2943 hoc
706 2888 752 2943 est
782 2877 831 2965 (id
860 2884 939 2961 quod
962 2883 1095 2943 Udalrici

16 3024 19 3030 .
85 2972 224 3032 Wilcken
242 2991 332 3048 opera
349 2990 428 3031 nunc
447 2974 535 3048 plane
555 2966 687 3054 constat)
706 2992 741 3032 ea
759 2973 790 3032 in
808 2993 869 3049 qua
887 2972 980 3031 fibrae
999 2976 1095 3032 trans·

84 3081 188 3121 versae
208 3061 404 3138 superiacent,
424 3062 574 3121 subiectae
594 3066 666 3121 suut
682 3065 791 3140 rectae,
815 3067 906 3140 atque
926 3061 1003 3138 inde
1016 3062 1096 3120 diffe-

83 3151 182 3210 rentia
203 3150 258 3209 illa
281 3169 372 3226 quam
400 3150 479 3210 inter
506 3150 707 3227 duasvpartes
735 3153 905 3213 notavimus
933 3150 1023 3210 facile
1051 3169 1098 3210 ex-

83 3241 221 3315 plicatur.
281 3239 461 3316 Hyperidis
485 3243 587 3299 autem
628 3240 769 3300 librarius
806 3241 937 3316 priorem
980 3242 1098 3315 partem

84 3323 326 3403 ὀπιεθόγραφον
367 3327 506 3388 reddidit.
564 3328 650 3387 Unde
691 3329 764 3405 quid
804 3347 907 3388 rursus
945 3332 1098 3404 sequatur,

84 3417 239 3493 postmodo
281 3416 462 3496 videbimus,
504 3435 571 3476 cum
613 3417 653 3476 sit
694 3421 784 3478 antea
824 3417 985 3492 descriptio
1027 3417 1097 3476 libri

84 3507 274 3568 absolvenda.
