2378 3944
84 159 105 212 L
231 157 371 215 ARGVM.
391 157 609 214 ORATIONVM
627 158 812 214 BRDVITER
830 157 958 214 Dasea.

86 304 219 370 ιπάνιον
249 309 354 370 τοῦτο.
400 304 484 369 ἴδιον
515 307 551 368 δὲ
573 305 769 384 Ὑπερείδου
799 305 837 369 τὸ
867 304 920 369 καὶ
950 309 1021 370 ruit
1047 307 1090 370 λέ·
1121 314 1123 321 “

87 398 168 458 iectu
214 392 442 472 ἀφειδέιτερόν
488 414 557 457 πω(
604 395 655 457 καὶ
699 393 912 473 ἀμελέετερον
959 400 1089 473 χρῆεθαι

87 481 193 562 ὥςπερ
230 483 311 547 ὅταν
349 484 570 562 μονώτατοι
608 484 685 566 λέγῃ
722 483 773 546 καὶ
809 482 1013 562 γαλεάγρα
1048 483 1089 547 καὶ

85 571 326 637 ἐκκοκκύῑειν
346 572 397 635 καὶ
424 571 728 650 ἐιτηλοκόπηται
751 572 802 635 καὶ
831 572 1026 651 ἐπήβολοι
1046 572 1089 634 καὶ

84 659 144 724 'tro
165 665 307 725 τοιαῦτα.

174 753 296 823 Quintil.
315 752 389 813 Inst.
414 772 455 813 or.
474 752 510 831 X,
532 756 559 826 1,
579 755 634 812 77:

175 842 279 901 Dulcis
302 842 334 900 in
352 841 457 918 primis
476 844 507 900 et
526 844 632 901 acutus
653 840 832 919 Hyperides,
856 841 909 901 sed
934 841 1085 902 minoribns

87 930 194 1007 causis,
216 933 252 990 ut
274 949 334 990 non
358 930 483 989 dixerim
505 930 619 1009 utilior,
643 930 740 1009 magis
762 949 826 1007 par.

208 1316 589 1394 ARGVMHNTA
618 1315 885 1394 ORATION
887 1316 982 1392 VM

260 1442 559 1517 BRHVITER
585 1441 926 1518 DESCRIPTA.

173 1675 222 1735 Or.
240 1676 264 1734 I.
310 1676 526 1736 Demosthenes
550 1697 643 1754 quum
666 1676 756 1752 vulgo
780 1693 939 1733 munerum
964 1675 1002 1736 ab
1020 1674 1085 1734 Her·

82 1766 152 1842 palo
167 1767 358 1840 acceptorum
372 1769 558 1842 argueretur,
573 1766 760 1843 rogationem
773 1763 847 1822 tulit
860 1765 896 1822 ut
905 1762 1084 1843 Areopagus,

83 1855 132 1913 oui
154 1854 254 1930 priore
276 1854 458 1930 populiscito
482 1855 518 1914 de
542 1855 623 1914 omui
640 1853 769 1931 pecunia
790 1851 931 1930 Harpali,
957 1873 1034 1931 quae
1058 1852 1087 1911 <le

86 1962 201 2002 summa
223 1943 334 2021 deerat,
358 1943 493 2019 quaestio
516 1943 697 2003 demandata
714 1943 788 2017 erat,
811 1939 848 1999 de
868 1958 899 2000 se
918 1941 1089 2002 nominatim

87 2033 259 2109 quaereret,
291 2031 398 2108 capitis
432 2051 559 2109 poenam
591 2032 648 2092 sibi
680 2031 832 2108 irrogare,
870 2029 897 2088 si
920 2031 1090 2110 Areopagus

87 2139 183 2180 noxae
208 2139 238 2180 se
266 2123 460 2197 coarguisset.
506 2120 673 2198 Areopagit
674 2140 709 2179 ae
737 2119 790 2178 diu
817 2120 951 2178 cunctati
980 2121 1093 2180 tandem

87 2209 123 2269 de
152 2210 194 2269 eis
224 2209 275 2286 qui
303 2228 428 2269 munera
461 2211 645 2287 accepissent
673 2209 711 2268 ad
743 2208 890 2308 populum
922 2210 1095 2281 retulerunt.

86 2300 132 2358 int
133 2318 166 2358 er
184 2316 259 2376 quos
273 2298 489 2358 Demosthenes
504 2299 559 2357 XX
573 2299 722 2358 talentum
739 2295 860 2356 nomine
879 2297 1015 2373 scriptus
1029 2300 1095 2359 erat

86 2388 194 2465 Itaque
217 2387 254 2446 de
274 2406 308 2446 eo
328 2388 493 2464 ceterisque
513 2407 548 2446 ex
565 2386 747 2463 populiscitu
715 2384 912 2444 tiudicium
935 2388 1097 2447 exercitum

87 2480 141 2553 est,
119 2477 248 2534 mtille
267 2475 438 2552 quingentis
457 2475 668 2552 iudicantibus,
692 2472 917 2534 accusatoribus
936 2474 1044 2535 decem
1065 2488 1102 2536 ex

86 2583 169 2623 more
193 2564 324 2624 constiut
326 2565 374 2624 tis.
419 2565 503 2624 Inter
526 2584 601 2641 quos
625 2583 691 2624 cum
715 2563 740 2621 is
764 2562 832 2638 fuit,
855 2561 905 2620 cui
928 2562 1096 2625 Dinarchus

86 2653 253 2712 orationem
285 2652 382 2712 adhuc
415 2656 565 2715 servatam
597 2650 791 2728 conscripsit,
823 2653 889 2710 tum
921 2648 1099 2730 Hyperides,

87 2741 185 2800 iratus
209 2741 404 2802 Demostheni
427 2743 506 2820 quod
524 2743 711 2819 praeclaram
734 2739 919 2799 occasionem
942 2741 1021 2801 belli
1042 2759 1099 2802 una
1125 2778 1127 2813 ,

87 2848 156 2889 cum
171 2829 303 2906 Harpalo
322 2834 426 2891 contre
443 2831 650 2891 Alexandrum
669 2827 849 2905 suscipiendi
867 2828 954 2905 regia
972 2831 1099 2908 pecunia

88 2922 247 2994 corruptus
266 2939 281 2978 e
300 2920 438 2980 manibus
457 2920 613 2980 emisisset.
650 2919 800 2977 Damnate
818 2916 1033 2995 Demostheni,
1052 2919 1100 2998 qui

87 3008 202 3083 primus
234 3007 266 3067 in
293 3008 436 3067 iudicium
458 3009 554 3085 venit,
587 3008 683 3067 multa
705 3007 729 3065 L
753 3005 903 3065 talentum
936 3007 1023 3070 dicta
1049 3012 1100 3086 est,

87 3114 178 3172 quam
201 3115 270 3155 cum
293 3097 408 3157 solvere
430 3117 490 3158 non
509 3099 611 3174 posset
628 3096 660 3155 in
679 3095 803 3154 exilium
821 3094 905 3155 abiit.
951 3094 1035 3158 Acta
1055 3115 1099 3157 res

89 3185 128 3245 ol
148 3187 313 3261 114,1,a.
336 3185 531 3247 324a.0hr.
552 3187 678 3247 exeunte
700 3185 749 3244 uel
774 3185 837 3243 323
861 3183 994 3246 ineunte.

89 3373 166 3428 Brut
182 3378 291 3428 281-
310 3370 514 3442 Quintiliauip
516 3374 644 3427 raeterea
662 3370 788 3427 conferas
808 3369 901 3424 locum
919 3369 981 3440 XII,
999 3379 1042 3440 10,
1057 3379 1096 3438 11ς

90 3445 279 3499 Romanorum
302 3442 421 3497 aliorum
441 3391 530 3500 Tacit.
544 3443 655 3513 Dialog.
671 3462 693 3500 c.
709 3448 757 3509 253
780 3441 851 3497 Plin
867 3440 958 3511 Epist.
972 3411 999 3514 Ι,
1015 3449 1098 3514 10,4;

89 3516 140 3570 Pet
129 3520 200 3570 hon.
220 3517 273 3570 sat.
292 3531 316 3570 c.
331 3520 346 3569 2
367 3514 448 3585 (Bb).
