2378 3944
468 155 676 210 PRAEFATIO
979 155 1084 212 XXVII

55 306 184 367 sissima
202 306 374 384 fragmenta
391 299 555 366 Mahaffius
574 306 605 365 in
623 308 722 366 lucem
740 308 899 385 protraxit,
918 327 992 366 num
1011 311 1084 367 sunt

56 396 166 455 minus
203 395 338 455 mendosi
374 395 524 472 putandi?
569 395 639 456 Non
676 396 829 456 consentio
868 396 1007 472 equidem
1047 396 1084 456 de

56 483 235 544 Phaedonis
267 484 338 543 libri
369 485 549 544 lectionibus
580 485 667 544 novis
699 504 769 544 oum
800 485 948 558 Usenero,
980 485 1034 544 sed
1066 505 1085 544 a

56 572 236 648 Gomperzii
259 573 397 650 partibus
422 574 605 633 confidenter
628 577 688 650 sto,
718 576 751 633 at
780 575 895 633 mendis
918 575 1084 633 immunem

58 662 265 740 omnibusque
296 663 371 722 locis
403 664 584 723 membranis
616 663 728 722 nostris
760 663 991 739 praeferendum
1019 681 1084 722 esse

56 751 153 810 illum
181 751 293 810 librum
322 769 419 828 neque
448 751 642 827 Gomperaius
670 753 835 812 affirmavit
861 770 958 829 neque
981 755 1084 827 potest

59 859 80 900 a
104 858 259 916 quoquam
283 840 436 899 affirmari.
483 840 691 900 Ardenianum
720 841 842 918 quidem
864 842 1006 900 volumen
1028 859 1083 900 suo

58 933 199 1006 tempore
218 929 307 1005 plane
321 930 402 988 inter
420 930 560 1007 vulgares
579 928 673 989 libros
692 930 784 989 fuisse
803 930 983 1006 putaverim.
1015 929 1083 1005 Ipse

60 1023 215 1077 corrector
238 1019 302 1076 eius
327 1019 560 1094 orthographica
582 1038 643 1078 non
662 1019 796 1078 curavit:
820 1019 945 1095 reliquit
968 1019 1083 1078 intucta

59 1107 109 1181 τῆ,
143 1101 269 1181 πλείωι,
303 1105 509 1182 δικαετήριαι;
544 1107 636 1167 semel
668 1110 789 1166 tantum
823 1103 1004 1186 εἰεαγγελίᾳ
1027 1128 1081 1182 pro

61 1190 254 1270 εἰεαγγελία,
279 1197 372 1255 semel
395 1190 507 1257 ἔπειτα
529 1216 584 1272 pro
608 1191 743 1270 ἔπειται,
769 1198 862 1256 semel
885 1191 1081 1256 (υνείλεκται

59 1304 117 1359 pro
146 1280 323 1344 (υνίλεκται
345 1287 523 1360 repositum,
552 1289 583 1344 et
613 1305 682 1344 eum
709 1281 850 1346 ἐπείκεια
878 1281 1007 1360 ἐπεική(
1035 1284 1082 1344 bis

60 1393 123 1433 non
155 1373 331 1453 tetigisset,
362 1394 422 1434 uno
455 1374 520 1434 loco
546 1372 552 1434 Ι
578 1375 724 1434 omissum
764 1375 931 1450 adscripsit.
987 1374 1081 1432 Porro

61 1463 158 1521 semel
186 1478 205 1522 ν
232 1459 459 1536 ἐφελκυετικόν
496 1463 560 1523 sine
586 1463 766 1523 necessitate
804 1464 940 1523 additum
977 1481 1082 1522 rursus

61 1551 197 1610 deletum
229 1554 283 1610 est.
330 1550 428 1622 Quare
456 1552 488 1611 in
514 1553 562 1611 his
594 1555 684 1613 rebus
717 1553 854 1612 omnibus
887 1553 965 1612 libro
997 1552 1082 1609 nulla

60 1640 124 1698 fere
167 1639 240 1698 fides
281 1641 419 1700 habenda
459 1644 519 1718 est,
560 1660 657 1717 neque
699 1642 796 1700 multo
837 1642 933 1701 maior
969 1641 1002 1698 in
1039 1640 1081 1699 eis

61 1747 140 1803 quae
160 1728 198 1788 ad
217 1729 380 1789 dialectum
399 1732 545 1807 spectant,
564 1749 632 1790 cum
650 1750 688 1789 ne
707 1750 743 1790 ex
761 1732 818 1790 hoc
837 1730 958 1806 quidem
973 1749 1080 1807 genere

61 1821 185 1893 praeter
208 1834 313 1891 οιομαι
336 1819 402 1878 loco
422 1820 487 1879 eius
505 1819 585 1895 quod
608 1819 669 1879 fuit
692 1836 779 1894 οιμαι
799 1820 891 1879 semel
914 1818 1081 1894 repositum

60 1925 191 1983 usquam
232 1907 393 1983 quicquam
433 1912 601 1968 correctum
640 1909 819 1983 reperiatur.
869 1908 938 1966 Non
979 1911 1081 1966 tamen
1179 1907 1180 1912 ’

60 1995 130 2054 ideo
158 1995 263 2055 statim
286 1993 446 2070 Πειραιῶς
469 2016 524 2072 pro
548 1994 726 2071 Πειραιέως
754 2016 822 2056 cum
851 1995 964 2056 Coheto
993 2015 1079 2071 repo·

61 2083 190 2158 suarim,
221 2103 317 2162 neque
350 2086 450 2144 omnia
482 2085 521 2144 ad
553 2105 689 2146 normam
722 2086 903 2145 severissimi
925 2084 1080 2144 Atticismi

60 2173 227 2250 exegerim:
252 2173 324 2249 quid
347 2175 446 2234 enim?
491 2174 678 2252 Hyperidem
700 2176 750 2235 vel
772 2175 804 2234 in
827 2175 982 2235 vocabulis
1006 2174 1080 2249 ipsis

60 2262 321 2340 neglegentiorem
344 2283 416 2321 num
440 2263 551 2323 scimus
574 2264 607 2322 in
631 2263 816 2323 declinandis
841 2263 884 2322 eis
903 2262 1081 2340 diligentem

60 2350 179 2410 fuisse?
216 2349 265 2410 sic
282 2351 343 2427 ille,
363 2352 476 2428 opinor,
496 2355 528 2412 et
546 2352 728 2430 loquebatur
747 2355 778 2411 et
797 2351 957 2427 scribebat,
976 2368 1079 2428 quem-

61 2439 225 2498 admodum
248 2440 340 2499 ceteri
364 2441 428 2500 eius
457 2441 567 2500 aetatis
591 2441 805 2514 Athenienses,
835 2459 963 2518 quorum
990 2458 1080 2499 usum

60 2548 98 2587 ex
122 2527 370 2604 inscriptionibus
395 2531 468 2589 setis
497 2530 653 2607 cognitum
675 2530 833 2606 hahemus,
862 2529 965 2606 itaque
993 2529 1080 2604 quid-

60 2617 138 2692 quid
160 2617 193 2675 in
216 2617 258 2676 eis
282 2623 464 2693 usurpatum
485 2618 635 2695 videmus,
659 2619 808 2695 Hyperidi
831 2637 949 2695 quoque
976 2637 1079 2678 conee-

59 2706 177 2765 damu's.
216 2703 353 2766 Genuina
376 2707 455 2766 enim
473 2701 584 2782 Ἀτθίε,
609 2708 635 2766 si
659 2709 687 2765 ei
710 2707 784 2766 fides
809 2707 861 2784 qui
885 2708 991 2783 quinto
1016 2726 1079 2766 sae·

57 2796 131 2853 culo
150 2794 261 2853 librum
280 2795 316 2854 de
335 2796 508 2872 republica
527 2796 758 2855 Atheniensium
782 2796 910 2873 scripsit,
933 2796 994 2854 iam
1013 2799 1079 2854 tum

58 2883 241 2944 commercio
264 2885 493 2962 peregrinorum
525 2885 680 2945 hominum
712 2886 825 2945 infecta
857 2886 936 2960 erat,
970 2889 1078 2961 quarto

58 2977 165 3032 antem
186 2974 217 3031 in
247 2973 383 3051 civitate,
412 2977 449 3032 ut
476 2974 618 3034 Isocratis
646 2975 737 3033 verbo
765 2977 847 3050 utar,
875 2974 1078 3033 internecione

47 3062 174 3128 ‚civium
184 3062 356 3138 receptione
366 3052 595 3139 peregrinorum
609 3081 703 3138 paene
718 3057 961 3141 ἀντηλλαγμένῃ
972 3081 1079 3122 vereor

58 3170 97 3210 ne
116 3148 209 3226 plane
228 3170 288 3210 non
307 3152 442 3227 potuerit
461 3151 632 3211 subsistere.
664 3152 773 3229 Itaque
790 3152 851 3211 nisi
870 3151 942 3226 quid
956 3155 1079 3227 praeter

57 3239 292 3314 inscriptionum
307 3259 397 3300 usum
411 3241 526 3300 codices
539 3243 673 3320 peccant,
695 3241 728 3300 in
741 3240 854 3300 talibus
868 3240 958 3299 rebus
973 3259 1078 3300 eorum

56 3329 285 3405 auctoritatem,
310 3332 552 3406 quantacumque
576 3332 629 3402 est,
663 3350 824 3408 sequamur
848 3331 976 3405 oportet.
1023 3329 1076 3387 So·

56 3418 144 3477 lutae
164 3419 266 3477 autem
284 3418 399 3478 formae
414 3419 511 3495 qualis
531 3422 578 3478 cst
592 3416 771 3499 Πειραιέως
785 3419 817 3477 in
830 3417 1076 3494 inscriptionibus

55 3507 143 3566 illius
176 3507 285 3566 aetatis
313 3508 410 3567 multo
434 3508 653 3585 frequentiores
684 3511 755 3567 sunt
782 3526 873 3585 quam
896 3508 1076 3583 contractae,
