2378 3944
133 203 197 268 102
501 206 772 260 ΑποεπΑειιΑτιλ

77 405 137 446 vm
439 384 495 451 IX.
514 387 623 452 ΥΠΕΡ
646 385 838 451 ΑΡΠΑΛΟΥ

558 490 582 544 εἰ
600 491 717 558 γνήειοε.

89 619 116 658 ιο
219 598 271 664 45.
302 600 335 665 Εἰ
366 601 401 664 δὲ
433 603 473 680 μὴ
505 602 627 679 ψευδὴε
658 599 676 662 δ
704 599 899 678 Ὑπερείδου
936 599 1038 678 λόγοε
1069 602 1141 679 ὑπὲρ

129 687 304 766 Ἁρπάλου,
333 693 368 754 ἐν
397 690 484 774 αὐτῷ
514 691 707 767 γέγραπται·
740 687 986 772 ἐκπηδήσαντες
1017 689 1054 755 ἐκ
1080 701 1141 755 τῶν

131 774 444 861 περιλικοτροφείων.
469 814 508 824 -
535 777 653 842 Pollux
677 775 716 860 Χ,
743 777 813 842 159.

79 973 115 1012 1x
379 953 417 1017 X.
442 953 530 1019 ΚΑΤ’
554 955 894 1020 ΑΡΧΕΕΤΡΑΤΙΔΟΥ.

89 1097 116 1138 το
219 1077 271 1141 46.
297 1079 467 1157 Κινήεομεν
487 1080 523 1142 δὲ
547 1078 649 1158 ἔλεον,
674 1078 733 1143 κᾶν
757 1078 1024 1159 ὑποδεικνύωμεν
1049 1081 1147 1147 πάθοτ

130 1166 168 1229 τὸ
192 1168 383 1245 ευμβεβηκὸτ
406 1168 479 1246 περί
502 1189 590 1232 τινα(
618 1173 685 1232 τῶν
713 1167 839 1232 οἰκείων
867 1173 925 1232 τοῦ
955 1173 1146 1250 κρινομένου

130 1257 149 1333 ἢ
173 1259 232 1319 τοῦ
262 1260 447 1334 τεθνεῶτοε,
472 1256 544 1338 (iiic)
568 1256 644 1321 Ὑπ.
668 1257 775 1339 ἐντῷ
799 1255 871 1321 κατ’
888 1255 991 1336 Ἀρχ.·
1017 1257 1149 1326 ἐπέξεκι

116 1344 191 1421 ’γάρ
214 1344 255 1407 τά
278 1346 493 1425 ευμβεβηκότα
520 1352 558 1429 τῇ
586 1350 644 1410 τοῦ
668 1344 815 1412 Ὀνείδου
839 1347 939 1424 μητρί.
966 1383 1008 1393 -
1037 1350 1148 1433 Apsin.

130 1435 215 1511 τέχν.
240 1433 307 1512 ῥητ.
325 1433 373 1497 ΙΧ
392 1457 421 1518 p.
441 1434 503 1498 591
525 1433 579 1498 W.
598 1433 614 1497 I
637 1456 668 1517 p.
680 1435 752 1514 Ι403
773 1431 828 1516 Sp.
846 1435 912 1499 324
935 1434 1108 1502 Hammer.
1133 1466 1142 1485 τ

90 1541 114 1582 τι
218 1522 273 1587 47.
301 1522 373 1588 Ὅτι
403 1525 439 1587 δὲ
470 1523 528 1587 οὐκ
557 1524 632 1602 ἐξῆν
661 1527 730 1587 τοῖε
761 1521 959 1602 ἀποδημοῦει
991 1528 1147 1606 θεωρικὸν

130 1611 311 1691 λαμβάνειν,
334 1611 410 1677 Ὑπ.
434 1614 617 1692 δεδήλωκεν
641 1612 677 1676 ἐν
700 1617 747 1695 τῷ
770 1611 844 1676 κατ’
867 1611 951 1691 Ἀρχ.
979 1650 1022 1662 -
1048 1615 1146 1701 Harp.

130 1721 153 1763 s.
175 1721 202 1763 v.
222 1699 366 1778 θεωρικά.
413 1698 461 1764 cf.
485 1722 509 1764 ο.
536 1700 626 1764 Dem.
650 1700 710 1765 eol.
734 1701 786 1781 26,
812 1702 853 1766 13
877 1722 947 1786 sqq.

89 1808 115 1849 τα
217 1790 270 1853 48.
293 1789 479 1870 Εὔβουλος
506 1826 544 1836 -
571 1791 680 1868 ἕτεροε
713 1787 742 1852 δ>
765 1790 848 1854 ἐετὶν
877 1790 1076 1875 δκωμικόε,
1095 1793 1146 1858 ὀὗ

128 1879 319 1955 μνημονεύει
341 1878 418 1943 Ὑπ.
441 1881 477 1942 ἐν
500 1884 546 1962 τῷ
569 1877 641 1943 κατ’
664 1876 749 1957 Ἀρχ.
773 1915 816 1925 -
840 1877 1000 1963 Herpoer.

88 1986 114 2027 ea
218 1965 270 2030 49.
292 1962 391 2050 Ἱερά·
423 1967 463 2031 τὰ
494 1972 560 2031 τῶν
597 1967 799 2045 τεθνηκότων
832 1966 917 2034 ὀετά.
964 1969 1046 2036 Ὑπ.
1069 1972 1144 2036 κατά

128 2050 212 2133 Ἀρχ.
239 2091 276 2101 -
302 2056 473 2121 Aniiaiiic.
501 2057 536 2119 in
564 2055 601 2120 Β.
621 2054 659 2120 Α.
679 2079 708 2140 ρ.
733 2056 811 2140 100,
841 2057 896 2140 18,
925 2060 959 2122 et
991 2060 1143 2125 similiter

129 2143 280 2208 Ammon.
303 2168 335 2208 π.
360 2149 447 2224 διαφ.
472 2148 499 2208 λ.
523 2167 552 2227 p.
575 2143 751 2209 73Va10h.

88 2255 115 2305 ,τι
219 2234 272 2299 50.
296 2235 373 2299 Ὑπ.
401 2235 437 2298 ἐν
468 2239 514 2316 τῷ
544 2233 616 2298 κατ’
639 2233 735 2311 Ἀρχ.·
760 2233 796 2298 ol
822 2235 902 2310 τοὺς
933 2235 1145 2319 ἰθυφάλλους

131 2321 167 2386 ἐν
189 2332 229 2408 τῇ
258 2321 423 2408 ὀρχήστρᾳ
452 2321 659 2407 ὀρχούμενοι.
684 2359 726 2368 -
750 2323 851 2405 Harp.
870 2344 895 2386 s.
914 2345 944 2388 v.
964 2325 1143 2406 ἰθύφαλλοι.

89 2432 116 2472 55
219 2414 270 2478 51.
293 2413 454 2498 πάραλος·
480 2448 518 2457 -
540 2448 582 2458 -
602 2411 633 2475 οἱ
652 2413 687 2475 δὲ
707 2411 930 2491 ἐπιβεβηκότεε
955 2413 1059 2495 αὐτῆ(
1078 2417 1142 2480 ἐκα·

130 2505 247 2567 λοῦντο
272 2503 433 2582 Πάραλοι,
467 2503 497 2566 οἳ
531 2502 583 2564 διὰ
614 2501 739 2578 ταύτηνΙ
764 2504 822 2580 τὴν
851 2500 1030 2579 ὑπηρεείαν
1060 2503 1087 2569 δ’
1113 2523 1142 2566 τε

130 2589 268 2666 ὀβολοὺε
292 2591 474 2671 ἐλάμβανον
498 2591 549 2654 καὶ
576 2590 614 2653 τὸ
642 2592 757 2654 πλεῖον
786 2589 881 2668 μέρος
909 2595 969 2655 τοῦ
994 2593 1140 2658 ἐνιαυτοῦ

131 2677 212 2743 οἴκοι
235 2679 362 2760 ἔμενον,
394 2678 477 2744 ἄλλα
504 2681 539 2743 τέ
567 2699 638 2742 τινα
666 2678 810 2757 ὑπῆρχεν
839 2678 950 2743 αὐτοῑε
979 2683 1073 2761 παρὰ
1092 2687 1140 2760 τῆι
1179 2680 1181 2697 ²

130 2765 273 2849 πόλεωε,
304 2768 348 2832 ilc
372 2789 467 2848 φηειν
490 2767 566 2832 Ὑπ.
591 2769 696 2850 ἐντῷ
720 2765 791 2831 κατ’
811 2766 893 2846 Ἀρχ.
917 2803 962 2814 -
986 2768 1138 2854 Harpocr.

130 2993 207 3047 liano
227 2993 296 3048 facit
311 2996 397 3049 etiam
415 2993 596 3065 paraphrasis
616 3009 688 3061 quae
703 2994 747 3046 eei
759 2992 790 3047 in
805 2992 930 3048 carmine
945 2995 981 3050 de
996 2996 1139 3053 schematis
1179 2990 1181 3011 ²

129 3083 156 3119 v.
174 3071 292 3134 113sqq.
331 3066 435 3120 Contra
453 3067 617 3134 ν’κλαλλλρααλι·
636 3063 669 3119 ci.
684 3064 837 3131 Ruhnkem
862 3064 1011 3140 [ιάλαῐῑορι]
1036 3071 1139 3124 auctore

130 3135 255 3205 Hauptio
279 3135 371 3192 Halm.
391 3167 424 3177 -
448 3135 595 3207 illiberali]
618 3137 637 3191 i.
657 3151 679 3190 ο.
700 3137 856 3206 μικρολόγιρ
880 3151 935 3192 see.
955 3137 1011 3208 frg.
1033 3145 1093 3196 255.
1111 3167 1139 3180 -

132 3224 184 3277 quo
203 3215 239 3264 at
256 3210 368 3263 virtutis
382 3209 464 3263 laude
477 3207 542 3264 mal.
558 3206 651 3262 Halm.
666 3238 699 3247 -
714 3211 749 3261 4ο
768 3209 932 3274 ἐκδὴεαντετ
946 3211 1011 3266 eod.
1026 3209 1138 3266 heidelb.

133 3311 165 3319 —
190 3283 224 3332 46
247 3281 337 3334 πάθοε
359 3279 421 3334 Par.
440 3280 478 3333 A:
501 3281 535 3333 τὸ
558 3280 654 3333 πάθοε.
672 3308 709 3318 -
731 3278 794 3346 περί
815 3295 892 3332 τινος
914 3278 980 3335 Par.
999 3282 1035 3337 A.
1056 3315 1087 3324 -
1108 3284 1139 3336 ὼ(

132 3350 196 3406 add.
216 3350 294 3405 Bake
318 3349 364 3421 (ci.
386 3351 472 3405 eiiam
497 3351 543 3416 S.).
564 3381 596 3390 -
622 3349 847 3417 Ἀρχεετρατλδου
872 3350 912 3407 δα
936 3351 1138 3424 Ἀρχεστράτου.

132 3453 166 3462 -
186 3424 257 3478 ἐπέξ.
272 3424 326 3490 γὰρ
344 3421 406 3477 Par.
422 3421 459 3476 A:
479 3423 550 3476 ἑπέξ.
565 3423 638 3487 λέγει
656 3422 710 3488 γάρ
728 3439 783 3475 που
803 3419 834 3473 Β.
851 3451 884 3460 -
903 3426 938 3476 49
958 3439 1005 3493 ep.
1020 3426 1137 3480 Ammon

132 3494 341 3562 ἀρχιετρατλδου
368 3492 447 3559 libri;
477 3508 530 3548 em.
548 3491 648 3545 Velek.
673 3523 704 3530 -
735 3499 769 3547 50
797 3493 1010 3561 ἀρχιετρατίδου
1037 3496 1090 3552 ΒΟ.
1111 3520 1138 3535 -

127 3568 165 3618 151
189 3567 375 3634 ἀρχεετράτου
395 3566 432 3634 Α,
451 3564 633 3632 ἀρχιετράτου
652 3561 717 3617 Ald.
