<?xml version="1.0" encoding="UTF-8"?>
<!DOCTYPE html PUBLIC "-//W3C//DTD XHTML 1.0 Transitional//EN"
    "http://www.w3.org/TR/xhtml1/DTD/xhtml1-transitional.dtd">
<html xmlns="http://www.w3.org/1999/xhtml" xml:lang="en" lang="en">
 <head>
  <title>
</title>
<meta http-equiv="Content-Type" content="text/html;charset=utf-8" />
  <meta name='ocr-system' content='tesseract 3.04.00' />
  <meta name='ocr-capabilities' content='ocr_page ocr_carea ocr_par ocr_line ocrx_word'/>
</head>
<body>
  <div class='ocr_page' id='page_1' title='image "./orationessexcum01hypegoog_0036.png"; bbox 0 0 2378 3944; ppageno 0'>
   <div class='ocr_carea' id='block_1_1' title="bbox 492 167 1105 225">
    <p class='ocr_par' dir='ltr' id='par_1_1' title="bbox 492 167 1105 225">
     <span class='ocr_line' id='line_1_1' title="bbox 492 167 1105 225; baseline -0.003 -1"><span class='ocrx_word' id='word_1_1' title='bbox 492 167 699 225; x_wconf 77' lang='lat' dir='ltr'><strong>PRAEFATIO</strong></span> <span class='ocrx_word' id='word_1_2' title='bbox 1014 168 1105 224; x_wconf 89' lang='lat' dir='ltr'>XXIX</span> 
     </span>
    </p>
   </div>
   <div class='ocr_carea' id='block_1_2' title="bbox 77 313 1107 937">
    <p class='ocr_par' dir='ltr' id='par_1_2' title="bbox 77 313 1107 937">
     <span class='ocr_line' id='line_1_2' title="bbox 77 313 1105 398; baseline 0 -18"><span class='ocrx_word' id='word_1_3' title='bbox 77 322 224 398; x_wconf 73' lang='lat' dir='ltr'>profero:</span> <span class='ocrx_word' id='word_1_4' title='bbox 248 338 303 396; x_wconf 88' lang='lat' dir='ltr'>pro</span> <span class='ocrx_word' id='word_1_5' title='bbox 321 314 376 379; x_wconf 80' lang='grc' dir='ltr'>ὑπ’</span> <span class='ocrx_word' id='word_1_6' title='bbox 389 313 602 394; x_wconf 80' lang='grc' dir='ltr'>Ἀλεξάνδρου</span> <span class='ocrx_word' id='word_1_7' title='bbox 621 321 679 380; x_wconf 81' lang='grc' dir='ltr'>τοῦ</span> <span class='ocrx_word' id='word_1_8' title='bbox 698 317 731 382; x_wconf 81' lang='grc' dir='ltr'>ἐξ</span> <span class='ocrx_word' id='word_1_9' title='bbox 748 314 836 395; x_wconf 84' lang='grc' dir='ltr'>Οἴου,</span> <span class='ocrx_word' id='word_1_10' title='bbox 860 320 940 397; x_wconf 91' lang='lat' dir='ltr'>quod</span> <span class='ocrx_word' id='word_1_11' title='bbox 954 324 1105 381; x_wconf 83' lang='lat' dir='ltr'>corrector</span> 
     </span>
     <span class='ocr_line' id='line_1_3' title="bbox 79 400 1105 491; baseline -0.001 -22"><span class='ocrx_word' id='word_1_12' title='bbox 79 410 181 486; x_wconf 85' lang='lat' dir='ltr'>dedit,</span> <span class='ocrx_word' id='word_1_13' title='bbox 206 429 224 469; x_wconf 89' lang='lat' dir='ltr'>a</span> <span class='ocrx_word' id='word_1_14' title='bbox 246 408 345 485; x_wconf 91' lang='lat' dir='ltr'>prima</span> <span class='ocrx_word' id='word_1_15' title='bbox 363 428 455 468; x_wconf 91' lang='lat' dir='ltr'>manu</span> <span class='ocrx_word' id='word_1_16' title='bbox 472 400 656 491; x_wconf 65' lang='lat' dir='ltr'>roueliouou</span> <span class='ocrx_word' id='word_1_17' title='bbox 680 409 711 468; x_wconf 90' lang='lat' dir='ltr'>in</span> <span class='ocrx_word' id='word_1_18' title='bbox 730 409 830 468; x_wconf 91' lang='lat' dir='ltr'>codice</span> <span class='ocrx_word' id='word_1_19' title='bbox 850 410 1016 487; x_wconf 78' lang='lat' dir='ltr'>exstitisse3</span> <span class='ocrx_word' id='word_1_20' title='bbox 1039 413 1105 468; x_wconf 93' lang='lat' dir='ltr'>tum</span> 
     </span>
     <span class='ocr_line' id='line_1_4' title="bbox 80 493 1103 576; baseline -0.001 -17"><span class='ocrx_word' id='word_1_21' title='bbox 80 499 252 572; x_wconf 78' lang='grc' dir='ltr'>πλεοναεη</span> <span class='ocrx_word' id='word_1_22' title='bbox 272 517 326 573; x_wconf 87' lang='lat' dir='ltr'>pro</span> <span class='ocrx_word' id='word_1_23' title='bbox 345 493 508 576; x_wconf 78' lang='lat' dir='ltr'>ulncrdcq,</span> <span class='ocrx_word' id='word_1_24' title='bbox 527 498 711 573; x_wconf 80' lang='lat' dir='ltr'>nolorrpwc</span> <span class='ocrx_word' id='word_1_25' title='bbox 729 516 785 574; x_wconf 87' lang='lat' dir='ltr'>pro</span> <span class='ocrx_word' id='word_1_26' title='bbox 804 493 989 572; x_wconf 70' lang='grc' dir='ltr'>φιλοτίμως,</span> <span class='ocrx_word' id='word_1_27' title='bbox 1013 515 1103 558; x_wconf 87' lang='grc' dir='ltr'>ουτε-</span> 
     </span>
     <span class='ocr_line' id='line_1_5' title="bbox 81 581 1104 663; baseline -0.003 -14"><span class='ocrx_word' id='word_1_28' title='bbox 81 591 214 649; x_wconf 81' lang='grc' dir='ltr'>θεωνο(</span> <span class='ocrx_word' id='word_1_29' title='bbox 236 606 291 662; x_wconf 91' lang='lat' dir='ltr'>pro</span> <span class='ocrx_word' id='word_1_30' title='bbox 320 581 395 646; x_wconf 87' lang='grc' dir='ltr'>οὔτε</span> <span class='ocrx_word' id='word_1_31' title='bbox 419 582 525 660; x_wconf 63' lang='lat' dir='ltr'>ieret,</span> <span class='ocrx_word' id='word_1_32' title='bbox 554 582 659 646; x_wconf 82' lang='grc' dir='ltr'>δίκαια</span> <span class='ocrx_word' id='word_1_33' title='bbox 681 606 736 663; x_wconf 90' lang='lat' dir='ltr'>pro</span> <span class='ocrx_word' id='word_1_34' title='bbox 760 591 893 647; x_wconf 84' lang='lat' dir='ltr'>correcto</span> <span class='ocrx_word' id='word_1_35' title='bbox 917 583 957 646; x_wconf 89' lang='grc' dir='ltr'>τὰ</span> <span class='ocrx_word' id='word_1_36' title='bbox 984 583 1104 661; x_wconf 83' lang='grc' dir='ltr'>παιδία,</span> 
     </span>
     <span class='ocr_line' id='line_1_6' title="bbox 81 676 1105 753; baseline -0.003 -16"><span class='ocrx_word' id='word_1_37' title='bbox 81 677 210 753; x_wconf 87' lang='lat' dir='ltr'>aliaque</span> <span class='ocrx_word' id='word_1_38' title='bbox 234 677 400 751; x_wconf 82' lang='lat' dir='ltr'>complura,</span> <span class='ocrx_word' id='word_1_39' title='bbox 429 695 506 752; x_wconf 87' lang='lat' dir='ltr'>quae</span> <span class='ocrx_word' id='word_1_40' title='bbox 533 676 686 735; x_wconf 87' lang='lat' dir='ltr'>inscitiam</span> <span class='ocrx_word' id='word_1_41' title='bbox 712 676 828 735; x_wconf 88' lang='lat' dir='ltr'>librarii</span> <span class='ocrx_word' id='word_1_42' title='bbox 856 676 929 736; x_wconf 86' lang='lat' dir='ltr'>satis</span> <span class='ocrx_word' id='word_1_43' title='bbox 958 695 1105 753; x_wconf 77' lang='lat' dir='ltr'><strong>superque</strong></span> 
     </span>
     <span class='ocr_line' id='line_1_7' title="bbox 84 764 1106 844; baseline -0.003 -18"><span class='ocrx_word' id='word_1_44' title='bbox 84 768 235 844; x_wconf 78' lang='lat' dir='ltr'>arguunt</span> <span class='ocrx_word' id='word_1_45' title='bbox 279 765 322 823; x_wconf 88' lang='lat' dir='ltr'>At</span> <span class='ocrx_word' id='word_1_46' title='bbox 352 765 554 841; x_wconf 89' lang='lat' dir='ltr'>interpolatus</span> <span class='ocrx_word' id='word_1_47' title='bbox 590 764 851 840; x_wconf 79' lang='lat' dir='ltr'>interpretationis</span> <span class='ocrx_word' id='word_1_48' title='bbox 886 783 978 824; x_wconf 89' lang='lat' dir='ltr'>causa</span> <span class='ocrx_word' id='word_1_49' title='bbox 1014 765 1106 824; x_wconf 80' lang='lat' dir='ltr'>codex</span> 
     </span>
     <span class='ocr_line' id='line_1_8' title="bbox 83 849 1107 937; baseline -0.002 -23"><span class='ocrx_word' id='word_1_50' title='bbox 83 854 213 914; x_wconf 89' lang='lat' dir='ltr'>omnino</span> <span class='ocrx_word' id='word_1_51' title='bbox 231 872 293 912; x_wconf 90' lang='lat' dir='ltr'>non</span> <span class='ocrx_word' id='word_1_52' title='bbox 310 849 405 932; x_wconf 66' lang='lat' dir='ltr'>eser),</span> <span class='ocrx_word' id='word_1_53' title='bbox 424 872 494 912; x_wconf 92' lang='lat' dir='ltr'>cum</span> <span class='ocrx_word' id='word_1_54' title='bbox 510 872 607 930; x_wconf 90' lang='lat' dir='ltr'>neque</span> <span class='ocrx_word' id='word_1_55' title='bbox 627 853 810 937; x_wconf 82' lang='lat' dir='ltr'>scholiorum</span> <span class='ocrx_word' id='word_1_56' title='bbox 827 854 991 932; x_wconf 82' lang='lat' dir='ltr'>vestigium</span> <span class='ocrx_word' id='word_1_57' title='bbox 1010 856 1107 913; x_wconf 82' lang='lat' dir='ltr'>exstet</span> 
     </span>
    </p>
   </div>
   <div class='ocr_carea' id='block_1_3' title="bbox 49 942 1186 3242">
    <p class='ocr_par' dir='ltr' id='par_1_3' title="bbox 83 942 1108 1626">
     <span class='ocr_line' id='line_1_9' title="bbox 84 942 1107 1021; baseline -0.002 -18"><span class='ocrx_word' id='word_1_58' title='bbox 84 963 190 1021; x_wconf 90' lang='lat' dir='ltr'>neque</span> <span class='ocrx_word' id='word_1_59' title='bbox 219 961 348 1018; x_wconf 89' lang='lat' dir='ltr'>usquam</span> <span class='ocrx_word' id='word_1_60' title='bbox 377 943 439 1001; x_wconf 82' lang='lat' dir='ltr'>tale</span> <span class='ocrx_word' id='word_1_61' title='bbox 475 942 591 1019; x_wconf 87' lang='lat' dir='ltr'>aliquid</span> <span class='ocrx_word' id='word_1_62' title='bbox 621 945 788 1002; x_wconf 87' lang='lat' dir='ltr'>correctum</span> <span class='ocrx_word' id='word_1_63' title='bbox 818 943 871 1002; x_wconf 80' lang='lat' dir='ltr'>sit:</span> <span class='ocrx_word' id='word_1_64' title='bbox 908 962 978 1003; x_wconf 89' lang='lat' dir='ltr'>nam</span> <span class='ocrx_word' id='word_1_65' title='bbox 1015 944 1107 1002; x_wconf 88' lang='lat' dir='ltr'>etiam</span> 
     </span>
     <span class='ocr_line' id='line_1_10' title="bbox 84 1027 1108 1111; baseline -0.003 -19"><span class='ocrx_word' id='word_1_66' title='bbox 84 1033 173 1111; x_wconf 90' lang='lat' dir='ltr'>quod</span> <span class='ocrx_word' id='word_1_67' title='bbox 196 1031 232 1090; x_wconf 91' lang='lat' dir='ltr'>D.</span> <span class='ocrx_word' id='word_1_68' title='bbox 255 1050 279 1092; x_wconf 89' lang='lat' dir='ltr'>c.</span> <span class='ocrx_word' id='word_1_69' title='bbox 299 1033 343 1092; x_wconf 89' lang='grc'>40</span> <span class='ocrx_word' id='word_1_70' title='bbox 361 1032 455 1091; x_wconf 83' lang='lat' dir='ltr'>verba</span> <span class='ocrx_word' id='word_1_71' title='bbox 474 1027 552 1109; x_wconf 84' lang='grc' dir='ltr'><strong>[καὶ]</strong></span> <span class='ocrx_word' id='word_1_72' title='bbox 571 1027 766 1106; x_wconf 81' lang='grc' dir='ltr'>Ἁγνωνίδη(</span> <span class='ocrx_word' id='word_1_73' title='bbox 785 1051 803 1090; x_wconf 87' lang='lat' dir='ltr'>a</span> <span class='ocrx_word' id='word_1_74' title='bbox 822 1035 988 1092; x_wconf 89' lang='lat' dir='ltr'>correctore</span> <span class='ocrx_word' id='word_1_75' title='bbox 1007 1032 1108 1090; x_wconf 88' lang='lat' dir='ltr'>deleta</span> 
     </span>
     <span class='ocr_line' id='line_1_11' title="bbox 83 1120 1107 1198; baseline -0.004 -16"><span class='ocrx_word' id='word_1_76' title='bbox 83 1124 170 1193; x_wconf 86' lang='lat' dir='ltr'>sunt,</span> <span class='ocrx_word' id='word_1_77' title='bbox 195 1139 267 1180; x_wconf 87' lang='lat' dir='ltr'>casu</span> <span class='ocrx_word' id='word_1_78' title='bbox 292 1139 451 1198; x_wconf 85' lang='lat' dir='ltr'>erroreque</span> <span class='ocrx_word' id='word_1_79' title='bbox 474 1121 506 1179; x_wconf 90' lang='lat' dir='ltr'>id</span> <span class='ocrx_word' id='word_1_80' title='bbox 523 1120 667 1180; x_wconf 87' lang='lat' dir='ltr'>librarius</span> <span class='ocrx_word' id='word_1_81' title='bbox 684 1122 856 1197; x_wconf 80' lang='lat' dir='ltr'>peccavisse</span> <span class='ocrx_word' id='word_1_82' title='bbox 874 1120 1002 1180; x_wconf 87' lang='lat' dir='ltr'>videtur.</span> <span class='ocrx_word' id='word_1_83' title='bbox 1048 1121 1107 1179; x_wconf 88' lang='lat' dir='ltr'>Ita-</span> 
     </span>
     <span class='ocr_line' id='line_1_12' title="bbox 85 1203 1106 1287; baseline -0.002 -18"><span class='ocrx_word' id='word_1_84' title='bbox 85 1229 149 1287; x_wconf 90' lang='lat' dir='ltr'>que</span> <span class='ocrx_word' id='word_1_85' title='bbox 173 1210 252 1285; x_wconf 92' lang='lat' dir='ltr'>quod</span> <span class='ocrx_word' id='word_1_86' title='bbox 276 1207 407 1269; x_wconf 81' lang='lat' dir='ltr'>Cobetus</span> <span class='ocrx_word' id='word_1_87' title='bbox 429 1209 506 1269; x_wconf 79' lang='lat' dir='ltr'>Eur.</span> <span class='ocrx_word' id='word_1_88' title='bbox 531 1212 572 1269; x_wconf 80' lang='lat'>36</span> <span class='ocrx_word' id='word_1_89' title='bbox 601 1211 633 1268; x_wconf 86' lang='lat' dir='ltr'>iu</span> <span class='ocrx_word' id='word_1_90' title='bbox 655 1209 755 1269; x_wconf 83' lang='lat' dir='ltr'>verbis</span> <span class='ocrx_word' id='word_1_91' title='bbox 784 1204 829 1269; x_wconf 82' lang='grc' dir='ltr'>ὡ(</span> <span class='ocrx_word' id='word_1_92' title='bbox 851 1205 870 1283; x_wconf 91' lang='grc' dir='ltr'>ἡ</span> <span class='ocrx_word' id='word_1_93' title='bbox 895 1205 987 1283; x_wconf 88' lang='grc' dir='ltr'>χώρα</span> <span class='ocrx_word' id='word_1_94' title='bbox 1016 1203 1106 1282; x_wconf 81' lang='grc' dir='ltr'>εἴηῆ</span> 
     </span>
     <span class='ocr_line' id='line_1_13' title="bbox 86 1293 1108 1378; baseline -0.005 -18"><span class='ocrx_word' id='word_1_95' title='bbox 86 1293 255 1360; x_wconf 75' lang='grc' dir='ltr'>Μολοεεία</span> <span class='ocrx_word' id='word_1_96' title='bbox 278 1293 384 1372; x_wconf 67' lang='grc' dir='ltr'>αὐτῆς,</span> <span class='ocrx_word' id='word_1_97' title='bbox 407 1295 481 1378; x_wconf 81' lang='grc' dir='ltr'>ἐνῇ</span> <span class='ocrx_word' id='word_1_98' title='bbox 506 1295 543 1358; x_wconf 86' lang='grc' dir='ltr'>τὸ</span> <span class='ocrx_word' id='word_1_99' title='bbox 567 1294 656 1372; x_wconf 84' lang='grc' dir='ltr'>ἱερὸν</span> <span class='ocrx_word' id='word_1_100' title='bbox 675 1293 767 1372; x_wconf 66' lang='lat' dir='ltr'>dcciv,</span> <span class='ocrx_word' id='word_1_101' title='bbox 789 1298 850 1358; x_wconf 84' lang='lat' dir='ltr'>ista</span> <span class='ocrx_word' id='word_1_102' title='bbox 872 1294 891 1372; x_wconf 88' lang='grc' dir='ltr'>ἡ</span> <span class='ocrx_word' id='word_1_103' title='bbox 913 1296 994 1360; x_wconf 81' lang='lat' dir='ltr'>Mol.</span> <span class='ocrx_word' id='word_1_104' title='bbox 1015 1297 1108 1356; x_wconf 88' lang='lat' dir='ltr'>mani·</span> 
     </span>
     <span class='ocr_line' id='line_1_14' title="bbox 87 1387 1108 1460; baseline -0.004 -13"><span class='ocrx_word' id='word_1_105' title='bbox 87 1390 205 1447; x_wconf 90' lang='lat' dir='ltr'>festum</span> <span class='ocrx_word' id='word_1_106' title='bbox 232 1387 382 1445; x_wconf 82' lang='lat' dir='ltr'><strong>emblema</strong></span> <span class='ocrx_word' id='word_1_107' title='bbox 409 1387 484 1446; x_wconf 88' lang='lat' dir='ltr'>dicit</span> <span class='ocrx_word' id='word_1_108' title='bbox 510 1387 560 1447; x_wconf 85' lang='lat' dir='ltr'>rel</span> <span class='ocrx_word' id='word_1_109' title='bbox 592 1388 720 1447; x_wconf 87' lang='lat' dir='ltr'>dialecto</span> <span class='ocrx_word' id='word_1_110' title='bbox 751 1388 933 1460; x_wconf 83' lang='lat' dir='ltr'>convictum,</span> <span class='ocrx_word' id='word_1_111' title='bbox 966 1388 1108 1446; x_wconf 89' lang='lat' dir='ltr'>mendum</span> 
     </span>
     <span class='ocr_line' id='line_1_15' title="bbox 87 1475 1107 1554; baseline -0.004 -18"><span class='ocrx_word' id='word_1_112' title='bbox 87 1477 216 1554; x_wconf 89' lang='lat' dir='ltr'>quidem</span> <span class='ocrx_word' id='word_1_113' title='bbox 234 1475 428 1535; x_wconf 85' lang='lat' dir='ltr'>manifestum</span> <span class='ocrx_word' id='word_1_114' title='bbox 445 1476 674 1553; x_wconf 89' lang='lat' dir='ltr'>tollendumque</span> <span class='ocrx_word' id='word_1_115' title='bbox 694 1477 742 1554; x_wconf 79' lang='lat' dir='ltr'>sit,</span> <span class='ocrx_word' id='word_1_116' title='bbox 762 1479 794 1535; x_wconf 91' lang='lat' dir='ltr'>at</span> <span class='ocrx_word' id='word_1_117' title='bbox 813 1476 895 1535; x_wconf 90' lang='lat' dir='ltr'>aliud</span> <span class='ocrx_word' id='word_1_118' title='bbox 910 1475 983 1553; x_wconf 91' lang='lat' dir='ltr'>quid</span> <span class='ocrx_word' id='word_1_119' title='bbox 996 1494 1107 1535; x_wconf 82' lang='lat' dir='ltr'>novare</span> 
     </span>
     <span class='ocr_line' id='line_1_16' title="bbox 88 1565 678 1626; baseline 0.002 -1"><span class='ocrx_word' id='word_1_120' title='bbox 88 1585 154 1625; x_wconf 89' lang='lat' dir='ltr'>non</span> <span class='ocrx_word' id='word_1_121' title='bbox 176 1565 266 1624; x_wconf 87' lang='lat' dir='ltr'>facile</span> <span class='ocrx_word' id='word_1_122' title='bbox 287 1565 319 1623; x_wconf 91' lang='lat' dir='ltr'>in</span> <span class='ocrx_word' id='word_1_123' title='bbox 342 1567 476 1624; x_wconf 88' lang='lat' dir='ltr'>animum</span> <span class='ocrx_word' id='word_1_124' title='bbox 499 1565 678 1626; x_wconf 82' lang='lat' dir='ltr'>induxerim.</span> 
     </span>
    </p>

    <p class='ocr_par' dir='ltr' id='par_1_4' title="bbox 89 1651 1186 2531">
     <span class='ocr_line' id='line_1_17' title="bbox 183 1651 1179 1730; baseline -0.001 -17"><span class='ocrx_word' id='word_1_125' title='bbox 183 1651 275 1729; x_wconf 62' lang='lat' dir='ltr'>§2st</span> <span class='ocrx_word' id='word_1_126' title='bbox 311 1653 347 1712; x_wconf 90' lang='lat' dir='ltr'>In</span> <span class='ocrx_word' id='word_1_127' title='bbox 371 1653 564 1714; x_wconf 82' lang='lat' dir='ltr'>Stobartiano</span> <span class='ocrx_word' id='word_1_128' title='bbox 587 1653 753 1730; x_wconf 82' lang='lat' dir='ltr'>volumine,</span> <span class='ocrx_word' id='word_1_129' title='bbox 781 1653 862 1730; x_wconf 93' lang='lat' dir='ltr'>quod</span> <span class='ocrx_word' id='word_1_130' title='bbox 885 1657 933 1712; x_wconf 89' lang='lat' dir='ltr'>est</span> <span class='ocrx_word' id='word_1_131' title='bbox 959 1655 1054 1712; x_wconf 84' lang='lat' dir='ltr'>multo</span> <span class='ocrx_word' id='word_1_132' title='bbox 1094 1662 1179 1726; x_wconf 70' lang='lat' dir='ltr'>menne</span> 
     </span>
     <span class='ocr_line' id='line_1_18' title="bbox 89 1715 1186 1823; baseline -0.001 -22"><span class='ocrx_word' id='word_1_133' title='bbox 89 1743 219 1823; x_wconf 80' lang='lat' dir='ltr'>minoris</span> <span class='ocrx_word' id='word_1_134' title='bbox 243 1742 385 1816; x_wconf 83' lang='lat' dir='ltr'>ambitus,</span> <span class='ocrx_word' id='word_1_135' title='bbox 409 1745 543 1803; x_wconf 87' lang='lat' dir='ltr'>correcta</span> <span class='ocrx_word' id='word_1_136' title='bbox 566 1743 674 1802; x_wconf 85' lang='lat' dir='ltr'>menda</span> <span class='ocrx_word' id='word_1_137' title='bbox 697 1744 792 1802; x_wconf 87' lang='lat' dir='ltr'>ferme</span> <span class='ocrx_word' id='word_1_138' title='bbox 810 1742 921 1820; x_wconf 81' lang='lat' dir='ltr'>viginti</span> <span class='ocrx_word' id='word_1_139' title='bbox 943 1743 1053 1814; x_wconf 72' lang='lat' dir='ltr'>insunt</span> <span class='ocrx_word' id='word_1_140' title='bbox 1075 1715 1186 1810; x_wconf 50' lang='lat' dir='ltr'>&#39;minim&#39;</span> 
     </span>
     <span class='ocr_line' id='line_1_19' title="bbox 90 1826 1053 1908; baseline -0.001 -17"><span class='ocrx_word' id='word_1_141' title='bbox 90 1851 153 1891; x_wconf 91' lang='lat' dir='ltr'>non</span> <span class='ocrx_word' id='word_1_142' title='bbox 173 1834 308 1890; x_wconf 86' lang='lat' dir='ltr'>correcta</span> <span class='ocrx_word' id='word_1_143' title='bbox 330 1835 432 1891; x_wconf 89' lang='lat' dir='ltr'>autem</span> <span class='ocrx_word' id='word_1_144' title='bbox 455 1832 524 1908; x_wconf 89' lang='lat' dir='ltr'>plus</span> <span class='ocrx_word' id='word_1_145' title='bbox 548 1836 679 1907; x_wconf 76' lang='lat' dir='ltr'>centiam,</span> <span class='ocrx_word' id='word_1_146' title='bbox 703 1831 823 1891; x_wconf 85' lang='lat' dir='ltr'>etiamsi</span> <span class='ocrx_word' id='word_1_147' title='bbox 846 1831 950 1890; x_wconf 89' lang='lat' dir='ltr'>mittas</span> <span class='ocrx_word' id='word_1_148' title='bbox 973 1826 1053 1890; x_wconf 85' lang='grc' dir='ltr'>ὑπο·</span> 
     </span>
     <span class='ocr_line' id='line_1_20' title="bbox 93 1916 1109 1997; baseline -0.003 -17"><span class='ocrx_word' id='word_1_149' title='bbox 93 1916 176 1996; x_wconf 86' lang='grc' dir='ltr'>λάβη</span> <span class='ocrx_word' id='word_1_150' title='bbox 201 1923 233 1979; x_wconf 89' lang='lat' dir='ltr'>et</span> <span class='ocrx_word' id='word_1_151' title='bbox 255 1916 383 1994; x_wconf 83' lang='grc' dir='ltr'>μεικρά(</span> <span class='ocrx_word' id='word_1_152' title='bbox 406 1939 542 1997; x_wconf 89' lang='lat' dir='ltr'>quaeque</span> <span class='ocrx_word' id='word_1_153' title='bbox 571 1920 682 1979; x_wconf 87' lang='lat' dir='ltr'>similia</span> <span class='ocrx_word' id='word_1_154' title='bbox 710 1922 790 1980; x_wconf 86' lang='lat' dir='ltr'>sunt.</span> <span class='ocrx_word' id='word_1_155' title='bbox 836 1919 938 1979; x_wconf 91' lang='lat' dir='ltr'>Pauca</span> <span class='ocrx_word' id='word_1_156' title='bbox 961 1920 1109 1997; x_wconf 89' lang='lat' dir='ltr'>quaedam</span> 
     </span>
     <span class='ocr_line' id='line_1_21' title="bbox 92 2003 1109 2089; baseline -0.001 -22"><span class='ocrx_word' id='word_1_157' title='bbox 92 2008 263 2088; x_wconf 79' lang='lat' dir='ltr'>generatim</span> <span class='ocrx_word' id='word_1_158' title='bbox 281 2009 427 2085; x_wconf 89' lang='lat' dir='ltr'>disposita</span> <span class='ocrx_word' id='word_1_159' title='bbox 445 2003 696 2089; x_wconf 70' lang='lat' dir='ltr'>enumerabo.**)</span> <span class='ocrx_word' id='word_1_160' title='bbox 734 2007 844 2068; x_wconf 87' lang='lat' dir='ltr'>Omisit</span> <span class='ocrx_word' id='word_1_161' title='bbox 866 2008 1008 2069; x_wconf 90' lang='lat' dir='ltr'>librarius</span> <span class='ocrx_word' id='word_1_162' title='bbox 1028 2008 1109 2067; x_wconf 90' lang='lat' dir='ltr'>litte·</span> 
     </span>
     <span class='ocr_line' id='line_1_22' title="bbox 93 2094 1109 2174; baseline 0 -17"><span class='ocrx_word' id='word_1_163' title='bbox 93 2117 144 2158; x_wconf 87' lang='lat' dir='ltr'>res</span> <span class='ocrx_word' id='word_1_164' title='bbox 174 2098 280 2158; x_wconf 90' lang='lat' dir='ltr'>finales</span> <span class='ocrx_word' id='word_1_165' title='bbox 305 2094 399 2158; x_wconf 86' lang='lat' dir='ltr'>Nvel</span> <span class='ocrx_word' id='word_1_166' title='bbox 418 2095 453 2172; x_wconf 76' lang='grc' dir='ltr'>ί,</span> <span class='ocrx_word' id='word_1_167' title='bbox 485 2098 664 2174; x_wconf 87' lang='lat' dir='ltr'>scripsitque</span> <span class='ocrx_word' id='word_1_168' title='bbox 694 2114 752 2157; x_wconf 88' lang='grc' dir='ltr'>του</span> <span class='ocrx_word' id='word_1_169' title='bbox 784 2118 838 2174; x_wconf 90' lang='lat' dir='ltr'>pro</span> <span class='ocrx_word' id='word_1_170' title='bbox 869 2095 958 2172; x_wconf 73' lang='lat' dir='ltr'>rote,</span> <span class='ocrx_word' id='word_1_171' title='bbox 988 2114 1026 2157; x_wconf 87' lang='grc' dir='ltr'>το</span> <span class='ocrx_word' id='word_1_172' title='bbox 1054 2117 1109 2172; x_wconf 92' lang='lat' dir='ltr'>pro</span> 
     </span>
     <span class='ocr_line' id='line_1_23' title="bbox 93 2182 1134 2263; baseline -0.003 -16"><span class='ocrx_word' id='word_1_173' title='bbox 93 2185 167 2261; x_wconf 83' lang='grc' dir='ltr'><em>τὸν,</em></span> <span class='ocrx_word' id='word_1_174' title='bbox 197 2203 235 2261; x_wconf 92' lang='grc' dir='ltr'>τη</span> <span class='ocrx_word' id='word_1_175' title='bbox 263 2205 317 2262; x_wconf 89' lang='lat' dir='ltr'>pro</span> <span class='ocrx_word' id='word_1_176' title='bbox 346 2184 417 2261; x_wconf 81' lang='grc' dir='ltr'>τὴν,</span> <span class='ocrx_word' id='word_1_177' title='bbox 450 2205 469 2261; x_wconf 91' lang='grc' dir='ltr'>η</span> <span class='ocrx_word' id='word_1_178' title='bbox 493 2206 548 2263; x_wconf 89' lang='lat' dir='ltr'>pro</span> <span class='ocrx_word' id='word_1_179' title='bbox 572 2183 624 2262; x_wconf 83' lang='grc' dir='ltr'>ἦν,</span> <span class='ocrx_word' id='word_1_180' title='bbox 654 2205 744 2262; x_wconf 90' lang='lat' dir='ltr'>porro</span> <span class='ocrx_word' id='word_1_181' title='bbox 773 2202 857 2246; x_wconf 79' lang='grc' dir='ltr'>ετοι(</span> <span class='ocrx_word' id='word_1_182' title='bbox 884 2206 939 2262; x_wconf 91' lang='lat' dir='ltr'>pro</span> <span class='ocrx_word' id='word_1_183' title='bbox 968 2182 1004 2245; x_wconf 82' lang='grc' dir='ltr'>ἐν</span> <span class='ocrx_word' id='word_1_184' title='bbox 1032 2185 1134 2258; x_wconf 57' lang='grc' dir='ltr'>τοῖς·</span> 
     </span>
     <span class='ocr_line' id='line_1_24' title="bbox 93 2269 1108 2352; baseline -0.003 -16"><span class='ocrx_word' id='word_1_185' title='bbox 93 2291 217 2336; x_wconf 71' lang='lat' dir='ltr'>exorrui</span> <span class='ocrx_word' id='word_1_186' title='bbox 230 2295 285 2352; x_wconf 89' lang='lat' dir='ltr'>pro</span> <span class='ocrx_word' id='word_1_187' title='bbox 300 2269 450 2350; x_wconf 79' lang='grc' dir='ltr'>ἑκάετων,</span> <span class='ocrx_word' id='word_1_188' title='bbox 464 2275 568 2350; x_wconf 82' lang='grc' dir='ltr'>τολμα</span> <span class='ocrx_word' id='word_1_189' title='bbox 581 2295 636 2352; x_wconf 90' lang='lat' dir='ltr'>pro</span> <span class='ocrx_word' id='word_1_190' title='bbox 650 2269 781 2350; x_wconf 86' lang='grc' dir='ltr'>τόλμαν,</span> <span class='ocrx_word' id='word_1_191' title='bbox 796 2291 895 2335; x_wconf 88' lang='grc' dir='ltr'>κακου</span> <span class='ocrx_word' id='word_1_192' title='bbox 910 2295 965 2351; x_wconf 90' lang='lat' dir='ltr'>pro</span> <span class='ocrx_word' id='word_1_193' title='bbox 980 2271 1108 2345; x_wconf 60' lang='grc' dir='ltr'>κακοὺς</span> 
     </span>
     <span class='ocr_line' id='line_1_25' title="bbox 94 2362 1111 2440; baseline -0.002 -16"><span class='ocrx_word' id='word_1_194' title='bbox 94 2365 191 2425; x_wconf 86' lang='lat' dir='ltr'>etiam</span> <span class='ocrx_word' id='word_1_195' title='bbox 213 2364 362 2424; x_wconf 88' lang='lat' dir='ltr'>contrario</span> <span class='ocrx_word' id='word_1_196' title='bbox 386 2365 493 2424; x_wconf 90' lang='lat' dir='ltr'>mendo</span> <span class='ocrx_word' id='word_1_197' title='bbox 517 2380 557 2439; x_wconf 87' lang='grc' dir='ltr'>ην</span> <span class='ocrx_word' id='word_1_198' title='bbox 579 2383 634 2440; x_wconf 92' lang='lat' dir='ltr'>pro</span> <span class='ocrx_word' id='word_1_199' title='bbox 658 2362 716 2440; x_wconf 86' lang='grc' dir='ltr'>τὴν</span> <span class='ocrx_word' id='word_1_200' title='bbox 736 2367 767 2424; x_wconf 86' lang='lat' dir='ltr'>et</span> <span class='ocrx_word' id='word_1_201' title='bbox 784 2381 822 2438; x_wconf 81' lang='grc' dir='ltr'>η(</span> <span class='ocrx_word' id='word_1_202' title='bbox 840 2383 894 2440; x_wconf 92' lang='lat' dir='ltr'>pro</span> <span class='ocrx_word' id='word_1_203' title='bbox 913 2364 970 2437; x_wconf 82' lang='grc' dir='ltr'>τῆ(</span> <span class='ocrx_word' id='word_1_204' title='bbox 988 2382 1111 2422; x_wconf 90' lang='lat' dir='ltr'>rursus-</span> 
     </span>
     <span class='ocr_line' id='line_1_26' title="bbox 95 2447 1110 2531; baseline -0.002 -18"><span class='ocrx_word' id='word_1_205' title='bbox 95 2473 155 2531; x_wconf 92' lang='lat' dir='ltr'>que</span> <span class='ocrx_word' id='word_1_206' title='bbox 179 2453 279 2514; x_wconf 86' lang='grc' dir='ltr'>εξτων</span> <span class='ocrx_word' id='word_1_207' title='bbox 301 2472 356 2530; x_wconf 89' lang='lat' dir='ltr'>pro</span> <span class='ocrx_word' id='word_1_208' title='bbox 380 2450 413 2514; x_wconf 81' lang='grc' dir='ltr'>ἐξ</span> <span class='ocrx_word' id='word_1_209' title='bbox 438 2447 493 2513; x_wconf 84' lang='grc' dir='ltr'>ὧν.</span> <span class='ocrx_word' id='word_1_210' title='bbox 540 2452 658 2512; x_wconf 77' lang='lat' dir='ltr'>Omissa</span> <span class='ocrx_word' id='word_1_211' title='bbox 685 2473 789 2528; x_wconf 47' lang='lat' dir='ltr'>perron</span> <span class='ocrx_word' id='word_1_212' title='bbox 804 2453 1009 2528; x_wconf 88' lang='lat' dir='ltr'>compluribus</span> <span class='ocrx_word' id='word_1_213' title='bbox 1036 2453 1110 2511; x_wconf 92' lang='lat' dir='ltr'>locis</span> 
     </span>
    </p>

    <p class='ocr_par' dir='ltr' id='par_1_5' title="bbox 49 2535 1113 3242">
     <span class='ocr_line' id='line_1_27' title="bbox 49 2535 1110 2619; baseline -0.003 -17"><span class='ocrx_word' id='word_1_214' title='bbox 49 2535 54 2543; x_wconf 73' lang='grc'><strong>’</strong></span> <span class='ocrx_word' id='word_1_215' title='bbox 95 2542 218 2602; x_wconf 86' lang='lat' dir='ltr'>articuli</span> <span class='ocrx_word' id='word_1_216' title='bbox 248 2542 474 2619; x_wconf 85' lang='lat' dir='ltr'>particulaequc</span> <span class='ocrx_word' id='word_1_217' title='bbox 508 2543 611 2619; x_wconf 89' lang='lat' dir='ltr'>quales</span> <span class='ocrx_word' id='word_1_218' title='bbox 645 2545 717 2601; x_wconf 88' lang='lat' dir='ltr'>sunt</span> <span class='ocrx_word' id='word_1_219' title='bbox 743 2537 805 2616; x_wconf 84' lang='grc' dir='ltr'>γάρ</span> <span class='ocrx_word' id='word_1_220' title='bbox 838 2544 870 2600; x_wconf 88' lang='lat' dir='ltr'>et</span> <span class='ocrx_word' id='word_1_221' title='bbox 898 2538 949 2615; x_wconf 84' lang='grc' dir='ltr'>δέ,</span> <span class='ocrx_word' id='word_1_222' title='bbox 982 2545 1012 2601; x_wconf 84' lang='lat' dir='ltr'>et</span> <span class='ocrx_word' id='word_1_223' title='bbox 1042 2542 1110 2617; x_wconf 89' lang='lat' dir='ltr'>plus</span> 
     </span>
     <span class='ocr_line' id='line_1_28' title="bbox 96 2628 1111 2691; baseline -0.002 0"><span class='ocrx_word' id='word_1_224' title='bbox 96 2632 191 2691; x_wconf 88' lang='lat' dir='ltr'>semel</span> <span class='ocrx_word' id='word_1_225' title='bbox 206 2628 312 2690; x_wconf 82' lang='lat' dir='ltr'>&#39;etiam</span> <span class='ocrx_word' id='word_1_226' title='bbox 343 2631 507 2691; x_wconf 84' lang='lat' dir='ltr'>maioribus</span> <span class='ocrx_word' id='word_1_227' title='bbox 539 2631 656 2690; x_wconf 83' lang='lat' dir='ltr'>lacunis</span> <span class='ocrx_word' id='word_1_228' title='bbox 686 2631 787 2690; x_wconf 88' lang='lat' dir='ltr'>omnia</span> <span class='ocrx_word' id='word_1_229' title='bbox 818 2630 950 2689; x_wconf 91' lang='lat' dir='ltr'>turbata.</span> <span class='ocrx_word' id='word_1_230' title='bbox 996 2630 1111 2689; x_wconf 88' lang='lat' dir='ltr'>Deinde</span> 
     </span>
     <span class='ocr_line' id='line_1_29' title="bbox 93 2719 1111 2796; baseline 0 -18"><span class='ocrx_word' id='word_1_231' title='bbox 93 2720 176 2780; x_wconf 88' lang='lat' dir='ltr'>male</span> <span class='ocrx_word' id='word_1_232' title='bbox 199 2720 326 2780; x_wconf 86' lang='lat' dir='ltr'>iteratae</span> <span class='ocrx_word' id='word_1_233' title='bbox 357 2721 492 2796; x_wconf 87' lang='lat' dir='ltr'>syllabae</span> <span class='ocrx_word' id='word_1_234' title='bbox 520 2720 726 2796; x_wconf 84' lang='lat' dir='ltr'>reperiuntur:</span> <span class='ocrx_word' id='word_1_235' title='bbox 759 2735 851 2794; x_wconf 82' lang='grc' dir='ltr'>ουου,</span> <span class='ocrx_word' id='word_1_236' title='bbox 882 2719 1111 2794; x_wconf 79' lang='grc' dir='ltr'>ευνευνεληλυ-</span> 
     </span>
     <span class='ocr_line' id='line_1_30' title="bbox 93 2809 1112 2884; baseline -0.001 -15"><span class='ocrx_word' id='word_1_237' title='bbox 93 2812 203 2883; x_wconf 68' lang='lat' dir='ltr'>dorse,</span> <span class='ocrx_word' id='word_1_238' title='bbox 235 2809 549 2884; x_wconf 83' lang='grc' dir='ltr'>παρἐπαρληλυθοτι,</span> <span class='ocrx_word' id='word_1_239' title='bbox 583 2824 874 2883; x_wconf 76' lang='grc' dir='ltr'>μνημονονευτοοε,</span> <span class='ocrx_word' id='word_1_240' title='bbox 906 2809 1112 2884; x_wconf 83' lang='lat' dir='ltr'>vocabulaque</span> 
     </span>
     <span class='ocr_line' id='line_1_31' title="bbox 93 2898 1113 2972; baseline -0.002 -14"><span class='ocrx_word' id='word_1_241' title='bbox 93 2901 177 2972; x_wconf 84' lang='lat' dir='ltr'>tota,</span> <span class='ocrx_word' id='word_1_242' title='bbox 205 2900 240 2956; x_wconf 88' lang='lat' dir='ltr'>ut</span> <span class='ocrx_word' id='word_1_243' title='bbox 270 2913 491 2958; x_wconf 78' lang='lat' dir='ltr'>uaccvuocor.</span> <span class='ocrx_word' id='word_1_244' title='bbox 538 2898 632 2957; x_wconf 83' lang='lat' dir='ltr'>Casus</span> <span class='ocrx_word' id='word_1_245' title='bbox 661 2898 871 2957; x_wconf 86' lang='lat' dir='ltr'>continuorum</span> <span class='ocrx_word' id='word_1_246' title='bbox 897 2898 1113 2958; x_wconf 85' lang='lat' dir='ltr'>vocabulorum</span> 
     </span>
     <span class='ocr_line' id='line_1_32' title="bbox 99 2982 1112 3066; baseline -0.001 -19"><span class='ocrx_word' id='word_1_247' title='bbox 99 2987 244 3047; x_wconf 82' lang='lat' dir='ltr'>similiter</span> <span class='ocrx_word' id='word_1_248' title='bbox 265 2987 420 3047; x_wconf 83' lang='lat' dir='ltr'>formavit:</span> <span class='ocrx_word' id='word_1_249' title='bbox 443 2983 533 3066; x_wconf 88' lang='grc' dir='ltr'>νόμῳ</span> <span class='ocrx_word' id='word_1_250' title='bbox 557 2983 592 3046; x_wconf 81' lang='grc' dir='ltr'>δὲ</span> <span class='ocrx_word' id='word_1_251' title='bbox 616 2986 662 3065; x_wconf 83' lang='grc' dir='ltr'>τῷ</span> <span class='ocrx_word' id='word_1_252' title='bbox 685 2983 791 3065; x_wconf 84' lang='grc' dir='ltr'>τούτῳ</span> <span class='ocrx_word' id='word_1_253' title='bbox 814 2982 938 3066; x_wconf 83' lang='grc' dir='ltr'>τρόπῳ,</span> <span class='ocrx_word' id='word_1_254' title='bbox 961 2987 1016 3045; x_wconf 84' lang='lat' dir='ltr'>ubi</span> <span class='ocrx_word' id='word_1_255' title='bbox 1038 2983 1112 3046; x_wconf 88' lang='grc' dir='ltr'>τού-</span> 
     </span>
     <span class='ocr_line' id='line_1_33' title="bbox 96 3073 1112 3154; baseline -0.002 -18"><span class='ocrx_word' id='word_1_256' title='bbox 96 3093 159 3137; x_wconf 89' lang='grc' dir='ltr'>του</span> <span class='ocrx_word' id='word_1_257' title='bbox 183 3094 289 3136; x_wconf 82' lang='lat' dir='ltr'>verum</span> <span class='ocrx_word' id='word_1_258' title='bbox 312 3079 372 3153; x_wconf 83' lang='lat' dir='ltr'>est,</span> <span class='ocrx_word' id='word_1_259' title='bbox 396 3079 488 3154; x_wconf 85' lang='lat' dir='ltr'>alque</span> <span class='ocrx_word' id='word_1_260' title='bbox 512 3075 586 3135; x_wconf 89' lang='lat' dir='ltr'>adeo</span> <span class='ocrx_word' id='word_1_261' title='bbox 610 3073 730 3135; x_wconf 79' lang='grc' dir='ltr'>αλλου(</span> <span class='ocrx_word' id='word_1_262' title='bbox 753 3092 860 3136; x_wconf 75' lang='grc' dir='ltr'>τινου(</span> <span class='ocrx_word' id='word_1_263' title='bbox 879 3079 911 3135; x_wconf 89' lang='lat' dir='ltr'>et</span> <span class='ocrx_word' id='word_1_264' title='bbox 933 3077 1045 3135; x_wconf 86' lang='lat' dir='ltr'>iterum</span> <span class='ocrx_word' id='word_1_265' title='bbox 1068 3093 1112 3134; x_wconf 85' lang='grc' dir='ltr'>τι·</span> 
     </span>
     <span class='ocr_line' id='line_1_34' title="bbox 95 3164 1113 3242; baseline -0.003 -17"><span class='ocrx_word' id='word_1_266' title='bbox 95 3181 176 3226; x_wconf 79' lang='grc' dir='ltr'>νου(</span> <span class='ocrx_word' id='word_1_267' title='bbox 202 3164 333 3240; x_wconf 74' lang='lat' dir='ltr'>ullove,</span> <span class='ocrx_word' id='word_1_268' title='bbox 363 3184 440 3242; x_wconf 90' lang='lat' dir='ltr'>quae</span> <span class='ocrx_word' id='word_1_269' title='bbox 463 3166 527 3241; x_wconf 86' lang='lat' dir='ltr'>ipse</span> <span class='ocrx_word' id='word_1_270' title='bbox 551 3165 696 3240; x_wconf 79' lang='lat' dir='ltr'>correxit3</span> <span class='ocrx_word' id='word_1_271' title='bbox 724 3168 757 3224; x_wconf 88' lang='lat' dir='ltr'>at</span> <span class='ocrx_word' id='word_1_272' title='bbox 780 3165 980 3225; x_wconf 90' lang='lat' dir='ltr'>incorrectum</span> <span class='ocrx_word' id='word_1_273' title='bbox 1002 3165 1113 3224; x_wconf 87' lang='lat' dir='ltr'>mansit</span> 
     </span>
    </p>
   </div>
   <div class='ocr_carea' id='block_1_4' title="bbox 92 3385 1114 3600">
    <p class='ocr_par' dir='ltr' id='par_1_6' title="bbox 92 3385 1114 3600">
     <span class='ocr_line' id='line_1_35' title="bbox 188 3385 1114 3456; baseline -0.002 -15"><span class='ocrx_word' id='word_1_274' title='bbox 188 3388 215 3454; x_wconf 84' lang='grc'>*)</span> <span class='ocrx_word' id='word_1_275' title='bbox 235 3386 358 3456; x_wconf 82' lang='lat' dir='ltr'>Exponit</span> <span class='ocrx_word' id='word_1_276' title='bbox 376 3385 429 3441; x_wconf 94' lang='lat' dir='ltr'>hoc</span> <span class='ocrx_word' id='word_1_277' title='bbox 448 3385 589 3456; x_wconf 89' lang='lat' dir='ltr'>inpriore</span> <span class='ocrx_word' id='word_1_278' title='bbox 609 3385 805 3442; x_wconf 86' lang='lat' dir='ltr'>dissertatione</span> <span class='ocrx_word' id='word_1_279' title='bbox 824 3386 1009 3454; x_wconf 80' lang='lat' dir='ltr'>Fritzschius3</span> <span class='ocrx_word' id='word_1_280' title='bbox 1032 3386 1114 3441; x_wconf 80' lang='lat' dir='ltr'>(lom—</span> 
     </span>
     <span class='ocr_line' id='line_1_36' title="bbox 92 3457 863 3531; baseline -0.004 -16"><span class='ocrx_word' id='word_1_281' title='bbox 92 3458 238 3531; x_wconf 83' lang='lat' dir='ltr'>purettius</span> <span class='ocrx_word' id='word_1_282' title='bbox 255 3476 313 3513; x_wconf 88' lang='lat' dir='ltr'>non</span> <span class='ocrx_word' id='word_1_283' title='bbox 331 3459 407 3512; x_wconf 88' lang='lat' dir='ltr'>recte</span> <span class='ocrx_word' id='word_1_284' title='bbox 427 3460 525 3511; x_wconf 87' lang='lat' dir='ltr'>contra</span> <span class='ocrx_word' id='word_1_285' title='bbox 543 3457 636 3512; x_wconf 90' lang='lat' dir='ltr'>dicere</span> <span class='ocrx_word' id='word_1_286' title='bbox 654 3457 725 3511; x_wconf 91' lang='lat' dir='ltr'>mihi</span> <span class='ocrx_word' id='word_1_287' title='bbox 744 3457 863 3512; x_wconf 84' lang='lat' dir='ltr'>ridetur.</span> 
     </span>
     <span class='ocr_line' id='line_1_37' title="bbox 168 3528 1112 3600; baseline -0.003 -17"><span class='ocrx_word' id='word_1_288' title='bbox 168 3532 214 3600; x_wconf 84' lang='lat'>**)</span> <span class='ocrx_word' id='word_1_289' title='bbox 229 3529 374 3600; x_wconf 82' lang='lat' dir='ltr'>Integrum</span> <span class='ocrx_word' id='word_1_290' title='bbox 383 3530 565 3599; x_wconf 80' lang='lat' dir='ltr'>conspectum</span> <span class='ocrx_word' id='word_1_291' title='bbox 574 3529 708 3585; x_wconf 87' lang='lat' dir='ltr'>vitiorum</span> <span class='ocrx_word' id='word_1_292' title='bbox 718 3528 833 3584; x_wconf 85' lang='lat' dir='ltr'>exhibet</span> <span class='ocrx_word' id='word_1_293' title='bbox 843 3529 964 3584; x_wconf 82' lang='lat' dir='ltr'>Cobetus</span> <span class='ocrx_word' id='word_1_294' title='bbox 974 3545 1002 3596; x_wconf 88' lang='lat' dir='ltr'>p.</span> <span class='ocrx_word' id='word_1_295' title='bbox 1013 3534 1046 3583; x_wconf 78' lang='lat'>23</span> <span class='ocrx_word' id='word_1_296' title='bbox 1054 3544 1112 3596; x_wconf 87' lang='lat' dir='ltr'>sqq.</span> 
     </span>
    </p>
   </div>
   <div class='ocr_carea' id='block_1_5' title="bbox 0 0 1219 3944">
    <p class='ocr_par' dir='ltr' id='par_1_7' title="bbox 0 0 1219 3944">
     <span class='ocr_line' id='line_1_38' title="bbox 0 0 1219 3944; baseline 0 0"><span class='ocrx_word' id='word_1_297' title='bbox 0 0 1219 3944; x_wconf 95' lang='lat' dir='ltr'> </span> 
     </span>
    </p>
   </div>
  </div>
 </body>
</html>
