2392 3960
422 190 510 244 VITA
528 191 726 247 HYPHRIDIS
994 194 1083 249 XLIII

63 336 168 402 αὐτὸν
190 333 368 400 ἀποθανεῖν
391 338 547 417 λέγουειν,
571 336 758 416 ἀπαχθέντα
777 341 854 416 μετὰ
872 343 939 404 τῶν
962 338 1082 422 ἄλλων,

63 427 151 491 ὅπου
174 429 477 504 γλωττοτομηθῆναι
506 427 559 490 καὶ
585 431 801 506 διαφθαρῆναι
824 430 864 493 δν
892 430 1082 508 προείρηται

62 515 202 593 τρόπον·
229 516 305 578 τοὺε
328 512 357 577 δ’
380 514 517 578 οἰκείου(
538 516 580 578 τὰ
609 515 685 581 ὀετᾶ
714 516 874 595 λαβόντα(
891 568 897 579 .
912 566 920 580 .
935 569 941 580 .
957 568 964 579 .
981 518 1082 596 θάψαι

62 626 100 669 τε
124 603 189 681 ἅμα
211 607 280 667 τοῖε
299 608 427 679 γονειῖει
445 605 509 682 πρὸ
527 609 595 668 τῶν
616 605 777 669 Ἱππάδων
796 610 917 686 πυλῶν,
941 606 986 670 uc
1005 628 1081 686 φηει

63 693 236 770 Διόδωροε
258 693 295 756 ἐν
317 698 364 775 τῷ
386 692 483 775 τρίτῳ
506 694 581 771 περὶ
603 694 784 772 μνημάτων.
830 697 902 760 νυνὶ
930 697 966 759 δὲ
988 716 1081 760 κατε-

65 786 216 862 ρήριπται
246 781 285 844 τὸ
319 787 424 859 μνῆμα
454 783 506 845 καῖ
538 781 622 847 ἔετιν
655 781 784 861 ἄδηλον.
813 821 851 830 -
876 784 1010 849 πάντων
1043 786 1079 848 δὲ
1101 801 1135 848 14

63 871 147 935 κατὰ
174 873 233 949 τὴν
263 869 460 948 δημηγορίαν
490 875 665 948 διενεγκεῖν
695 874 835 952 λέγεται,
865 875 1012 938 τέτακται
1043 875 1080 937 δὲ

61 957 124 1024 ὑπ’
146 959 244 1024 ἐνίων
266 959 331 1037 πρὸ
350 960 585 1036 Δημοεθένουε.
605 997 648 1006 -
667 962 824 1040 φέρονται
848 960 877 1026 δ’
900 963 1000 1026 αὐτοῦ
1024 963 1078 1025 λό-
1101 978 1133 1026 15

61 1071 115 1125 γοι
139 1048 472 1128 ἑβδομηκονταεπτά,
496 1047 543 1113 ὧν
566 1049 689 1128 γνήειοί
712 1051 768 1114 εἰει
789 1054 991 1130 πεντήκοντα
1010 1052 1078 1115 δύο.

57 1173 108 1185 -
130 1138 261 1214 ἐγένετο
290 1138 326 1200 δὲ
352 1138 405 1200 καὶ
432 1138 514 1214 πρόε
540 1139 581 1201 τὰ
608 1137 779 1216 άφροδίεια
806 1143 1003 1220 καταφερήε,
1033 1140 1079 1203 ωε
1101 1155 1133 1203 16

61 1229 212 1306 ἐκβαλεῖν
239 1227 297 1303 μὲν
328 1226 388 1289 τὸν
415 1226 499 1303 υἱόν,
532 1227 714 1303 εἰεαγαγεῑν
743 1230 778 1291 δὲ
808 1230 988 1308 Μυρρίνην,
1011 1232 1078 1308 ’τὴν

61 1315 341 1392 πολυτελεετάτην
368 1314 511 1393 ἑταίραν·
539 1316 576 1379 ἐν
603 1317 749 1393 Πειραιεῖ
777 1315 805 1379 δ’
828 1317 916 1395 ἔχειν
939 1316 1077 1396 Ἁριετα-

58 1405 174 1482 γόραν,
197 1404 234 1468 ἐν
252 1402 403 1467 Ἐλευτῑνι
427 1403 455 1467 δ’
479 1405 515 1468 ἐν
538 1409 607 1467 τοῑτ
630 1405 721 1469 ἰδίοιε
744 1408 874 1486 κτήματι
893 1407 995 1471 Φίλαν
1018 1410 1077 1486 τὴν

61 1493 217 1573 θηβαίαν,
241 1491 337 1557 εἷκοει
361 1496 449 1572 μνιῖιν
468 1493 719 1571 λυτρωεάμενοε.
742 1531 781 1540 -
802 1495 946 1559 ἐποιεῖτό
965 1516 999 1559 τε
1018 1497 1077 1558 τὸν
1099 1510 1131 1558 17

59 1704 90 1758 ll.
110 1721 136 1759 o.
154 1734 189 1743 -
211 1704 262 1756 aui
282 1705 349 1771 posi
370 1705 507 1768 λαβόντα(
530 1701 665 1756 excidisse
688 1703 795 1769 tropicon
818 1704 856 1758 εἰε
880 1705 998 1772 Ἀθήνα(
1022 1703 1079 1773 (τοί

56 1775 120 1829 tale
142 1773 224 1843 quid)
247 1777 297 1828 aui
317 1791 350 1827 τε
374 1773 526 1828 delendum
543 1789 605 1828 esse
629 1775 730 1828 eiaiuii
747 1775 870 1841 Fruuke3
893 1775 947 1829 hoo
966 1775 1078 1845 Sauppe

57 1845 192 1917 praeferi
216 1875 252 1885 -
275 1847 421 1911 Διόδωροε
444 1845 552 1900 emend,
571 1845 724 1912 Ruhnken3
754 1847 920 1915 Ἡλιόδωροε
944 1846 1018 1900 libri.
1044 1879 1077 1886 —

58 1920 259 1986 κατερήριπται
280 1915 369 1970 AHP:
393 1919 614 1985 κατερήρειπται.
634 1947 666 1956 -
691 1922 764 1982 §14-
789 1917 824 1971 ef.
843 1917 924 1971 Phoi.
944 1937 972 1987 p.
987 1918 1077 1972 495b.

58 1992 77 2043 δ
94 1991 128 2043 τ’
141 1991 172 2043 ἐν
189 1990 292 2053 λόγοιει
310 1989 401 2042 δεινὸε
420 1990 480 2042 Ὑπ.
494 1987 611 2041 Timocl.
629 1986 650 2042 Ι.
664 2004 688 2042 α.
708 1987 892 2042 Demostheni
909 1990 1078 2058 praetulisse

57 2059 167 2114 Rhodii
185 2061 312 2113 oratores
330 2058 471 2126 videntur,
490 2060 525 2113 ef.
539 2057 655 2125 Dionys.
669 2058 802 2113 Dinaroh.
817 2066 843 2113 8.
857 2091 892 2100 -
907 2067 922 2126 ς
938 2066 980 2117 15.
1000 2061 1078 2115 Suid.

61 2134 124 2186 Ὑπ.
144 2138 174 2185 1:
202 2130 250 2184 εἰεί
275 2132 305 2185 δὲ
331 2131 358 2184 οἱ
382 2131 484 2184 πάντεε
509 2133 588 2195 λόγοι
613 2132 701 2184 αὐτοῦ
727 2128 779 2196 νς’,
804 2130 854 2184 ubi
876 2131 978 2185 Bernh.
1001 2134 1079 2200 (poet

58 2200 216 2256 Heursium
234 2202 293 2255 Ate.
311 2201 387 2255 Leei.
402 2200 429 2254 V
448 2218 472 2255 o.
487 2207 530 2267 25,
550 2201 627 2268 quod
644 2203 741 2255 monet
758 2201 835 2271 Bb.)=
854 2203 941 2257 immo
959 2199 1009 2269 νβ’.
1046 2203 1079 2255 In

56 2272 155 2327 indice
182 2289 200 2325 a
223 2271 426 2326 Studemundio
454 2271 532 2327 edito
560 2272 665 2340 (Herm.
686 2276 754 2327 1867
776 2291 804 2342 p.
822 2276 957 2342 434eqq.)
982 2272 1078 2326 CLXX

57 2343 204 2399 orationes
212 2343 349 2412 Hyperidi
358 2342 528 2399 tribuuntur.
539 2350 599 2408 -5
614 2350 657 2398 le.
675 2343 718 2396 Ex
731 2345 892 2411 Idomeneo,
905 2347 939 2398 ui
951 2343 1077 2409 videtum

57 2416 95 2471 τί
109 2415 179 2468 Aur.
192 2414 257 2468 XIII
276 2420 329 2469 590
340 2414 373 2469 C:
394 2417 454 2470 Ὑπ.
470 2417 524 2469 δ’ὁ
543 2417 639 2483 ῥήτωρ
658 2416 689 2469 ἐκ
706 2419 758 2481 τῆε
770 2419 903 2484 πατρῴαε
921 2415 1009 2469 οἰκία(
1025 2418 1077 2469 τὸν

58 2488 123 2541 υἱὸν
137 2488 287 2553 ἀποβαλὼν
298 2489 469 2541 Γλαύκιππον
483 2487 630 2553 Μυρρίνην
644 2490 697 2553 τὴν
710 2488 949 2552 πολυτελεετάτην
963 2487 1077 2553 ἑταίραν

56 2559 190 2627 ἀνέλαβε,
211 2561 257 2612 καλ
275 2560 383 2623 ταύτην
402 2560 452 2623 μὲν
471 2558 501 2610 ἐν
519 2559 593 2611 ἄετει
612 2560 693 2625 εἶχεν,
718 2559 748 2611 ἐν
765 2559 889 2625 Πειραιεῖ
907 2560 938 2612 δὲ
958 2558 1077 2625 Ἀριετα-

55 2631 156 2697 γὸραν,
181 2628 268 2684 Φίλαν
288 2631 318 2682 δ’
330 2630 361 2682 ἑν
381 2629 521 2695 Ἐλευάνι,
544 2630 580 2694 ἣν
598 2633 711 2683 πολλῶν
730 2630 907 2695 ὠνηεάμενοε
924 2631 1076 2696 χρημάτων

55 2703 133 2767 εῖχεν
150 2702 345 2768 ἐλευθερώεαε,
363 2702 478 2766 ὕετερον
497 2701 528 2754 δὲ
546 2703 591 2753 καί
610 2700 740 2766 οἰκουρὸν
757 2701 847 2766 αὐτὴν
860 2703 1018 2767 ἑποιήεατο,
1038 2703 1077 2755 ωε

59 2774 210 2837 Ἰδομενεὺε
223 2771 331 2837 ίετορεῖ.
359 2770 433 2824 unde
448 2771 534 2825 Φίλαν
547 2774 601 2837 τὴν
615 2787 660 2839 ap.
675 2770 765 2839 biogr.
780 2786 832 2840 pro
847 2772 952 2839 Φίλτην
966 2773 1075 2826 emend,

56 2841 176 2897 Xeiliuu.
197 2874 230 2882 -
250 2841 327 2895 Suid.
343 2859 364 2897 e.
378 2861 404 2897 τ.
422 2843 462 2895 Ὑ.
479 2850 506 2896 l:
525 2848 665 2907 γυναικῶν
690 2845 720 2896 δὲ
738 2845 857 2909 ἡττήθη.
890 2844 932 2896 De
950 2843 1075 2913 praediis

55 2911 210 2983 Hyperidis
232 2911 385 2967 Eleusiniis
407 2915 531 2966 testatur
553 2914 635 2970 inser.
651 2914 748 2979 Ἐφημ.
764 2914 825 2981 ἀρχ.
848 2919 916 2968 1883
939 2932 967 2983 p.
985 2913 1075 2984 123J4:

55 2986 206 3056 μιεθιιντὴε]
232 2984 341 3051 Ῥαρίαε
365 2986 425 3038 Ὑπ.
446 2987 486 3040 Γλ
507 2986 584 3039 Κολλ
608 2986 645 3054 (v.
660 2983 851 3039 Wilamowiiz
875 2985 970 3040 Herm.
989 2985 1075 3053 ΧΧΠ,

55 3060 130 3124 229).
149 3087 184 3096 -
208 3062 281 3120 517.
304 3054 347 3108 Ex
369 3054 532 3124 Hermippo.
556 3054 622 3110 Ath.
637 3055 715 3122 VIII,
730 3063 782 3110 342
797 3055 831 3110 O:
860 3060 906 3110 καὶ
924 3059 1076 3124 Ἕρμιπποε

57 3130 88 3183 δέ
106 3145 192 3196 φηειν
211 3129 241 3181 ἐν
258 3127 346 3196 τρίτῳ
363 3129 426 3193 περί
444 3133 504 3179 τῶν
524 3129 561 3180 ’λα
582 3131 645 3193 μαθ.
664 3129 782 3181 ἑωθινὸν
800 3130 851 3182 τὸν
868 3130 928 3182 Ὑπ.
942 3133 1076 3182 ποιεῖεθαι

52 3205 107 3253 νυν
131 3201 185 3267 (ἀεί
208 3198 302 3267 Kaib.)
321 3201 389 3252 τοὺς
410 3199 579 3264 περιπάτου(
597 3199 628 3251 ἐν
649 3205 710 3252 τοῖε
732 3199 842 3265 ἰχθύαν.
861 3198 936 3252 unde
960 3202 1076 3254 ἑωθινὸε

53 3268 215 3340 biographo
224 3269 313 3325 Weet.
323 3269 496 3323 reddendum
512 3285 574 3322 esee
588 3269 622 3322 ei.
638 3269 684 3339 (cf.
696 3271 732 3323 ad
746 3273 827 3339 §18)·
837 3302 870 3310 —
886 3270 927 3324 cf.
938 3269 1073 3324 Iimoolis

54 3357 155 3395 versus
174 3339 428 3410 ap.Ath.341EF
447 3344 473 3409 (e
492 3341 589 3410 Δηλίῳ
608 3339 725 3409 fabula),
744 3341 793 3395 ubi
812 3342 848 3395 ab
868 3339 995 3410 Harpalo
1015 3358 1075 3394 cor-

53 3412 134 3482 rupti
152 3414 365 3466 enumerantur:
390 3442 423 3450 —
444 3443 475 3451 -
496 3413 526 3466 Α.
547 3415 563 3465 ὅ
581 3414 608 3465 τ’
626 3414 656 3466 ἐν
679 3414 782 3477 λὸγοιει
805 3414 895 3467 δεινὸε
914 3413 1074 3480 Ὑπερείδης

54 3485 120 3551 ἔχει.
148 3485 178 3539 Β.
196 3486 264 3537 ταὺε
286 3482 462 3549 ίχθυοπιθλαε
480 3485 564 3538 οὔταε
580 3486 661 3550 ἡμῶν
679 3487 815 3552 πλουτιεῖ,
840 3485 989 3551 ὸψοφάγοε
1008 3485 1072 3551 (γὰρ

55 3555 121 3611 add.
141 3554 235 3622 codd.)
260 3557 330 3609 ὤετε
354 3557 422 3609 ταὺε
446 3556 548 3621 λάρουε
573 3557 644 3608 εἶναι
670 3556 782 3621 (θραυε.
803 3585 836 3595 -
860 3554 900 3608 Id.
919 3553 950 3607 in
974 3553 1072 3608 Icariis
