2378 3944
204 156 345 215 ARGVM.
365 158 583 215 ORATIONVM
600 158 787 214 BREVITER
805 159 931 215 DESGR.
1039 160 1076 214 LI

150 307 201 370 Or.
219 309 258 369 H.
299 309 481 388 Lycophron
508 310 617 370 nobilis
640 310 848 383 Atheniensis,
876 329 945 370 cum
968 310 1075 370 Lemni

54 399 231 476 praefectus
264 398 399 474 equitum
431 399 556 458 tertium
586 401 647 459 iam
680 390 808 458 annum¹
824 403 1068 476 commoraretur,

57 483 242 566 εἰεαγγελίᾳ
273 488 389 564 petitus
421 490 469 548 est
500 488 579 565 quod
615 489 758 548 feminam
794 489 903 566 civem,
940 507 1073 548 sororem

56 577 201 654 Dioxippi
231 576 340 637 nobilis
369 577 515 651 athletae,
544 580 648 653 stupro
671 577 838 653 polluisset.
884 576 1075 637 Exstiterunt

58 665 195 743 Lycurgi
226 665 303 725 duae
335 669 441 725 contra
473 667 701 743 Lycophronem
739 666 889 726 orationes
919 667 976 725 hac
1007 667 1075 742 ipsa

57 756 91 814 in
118 773 210 813 causa
242 754 376 831 habitae;
408 755 460 832 qui
492 757 594 814 tamen
627 755 707 831 apud
729 755 915 832 Hyperidem
937 749 956 814 ὁ
979 752 1073 831 κατή-

58 859 160 917 γορος
179 842 291 902 dicitur
309 844 421 920 quique
440 839 641 917 εἰεαγγελίαν
656 843 783 920 scripsit,
802 845 828 903 is
841 864 902 904 non
916 844 1074 921 Lycurgus

59 935 119 1008 est,
148 933 200 991 sed
223 932 338 1005 Aristo,
367 933 417 992 cui
444 933 603 1010 Lycurgus
632 933 794 994 advocatus
823 933 908 992 etin
936 933 1074 992 contione

59 1022 146 1081 etin
168 1020 278 1080 iudicio
302 1021 422 1081 affuisse
445 1013 618 1103 videtur.*)
650 1022 775 1081 Femina
797 1021 851 1081 illa
873 1022 932 1082 civi
955 1022 1075 1080 cuidam

58 1109 242 1170 Atheniensi
264 1112 362 1186 nupta
383 1111 492 1186 fuerat,
524 1111 577 1188 qui
609 1111 739 1170 moriens
766 1130 890 1170 uxorem
918 1111 1075 1188 gravidam

58 1203 91 1259 et
114 1200 332 1258 testamentum
355 1199 487 1277 reliquit,
510 1200 541 1259 in
560 1218 620 1276 quo
638 1201 812 1275 Euphemes
831 1200 964 1274 postumi
981 1202 1074 1276 tutor,

57 1290 194 1348 ceterum
218 1288 243 1346 si
271 1286 343 1364 quid
369 1307 462 1365 puero
485 1289 534 1349 vel
561 1289 594 1346 in
620 1288 770 1348 nascendo
793 1289 842 1349 rel
869 1291 975 1364 postea
998 1288 1074 1346 acci-

57 1377 167 1452 disset,
197 1379 394 1454 cognatorum
417 1377 541 1454 quidam
563 1377 687 1437 heredes
711 1377 815 1453 scripti
839 1380 932 1437 erant.
977 1377 1074 1458 Istum

55 1467 119 1525 iam
141 1484 270 1541 puerum
299 1469 486 1526 accusatores
517 1466 622 1542 illique
652 1467 711 1542 ipsi
734 1465 855 1544 cognati
877 1466 1074 1542 Lycophrcne

54 1572 165 1615 revera
187 1554 323 1630 genitum
353 1574 416 1614 esse
445 1555 611 1630 affirmant,
639 1554 728 1630 idque
756 1558 848 1629 eaput
873 1554 1074 1614 accusationis

55 1644 127 1703 fuit.
173 1642 284 1702 Mulier
303 1641 454 1720 Oharippo
478 1643 608 1703 secundo
631 1644 742 1703 marito
764 1643 877 1719 nupsit,
901 1643 986 1702 cuius
1006 1663 1075 1702 cum

57 1733 185 1793 domum
204 1731 371 1805 duceretur,
394 1733 622 1810 Lycophronem
640 1733 672 1791 in
695 1733 744 1793 via
763 1733 801 1791 ad
825 1751 892 1791 eam
915 1732 1074 1792 accessisse

55 1825 88 1882 et
116 1823 154 1880 nt
180 1819 272 1879 fidem
293 1820 471 1897 promissam
500 1821 558 1881 sibi
584 1826 719 1882 servaret
746 1823 900 1881 hortatum
927 1841 992 1881 esse
1016 1821 1075 1897 Ly·

55 1927 172 1986 curgus
204 1909 237 1967 in
268 1910 405 1969 contione
442 1909 559 1986 pridem
595 1913 746 1988 arguerat.
806 1911 981 1985 Euphemus
1013 1910 1074 1986 ille,

56 1999 147 2059 ouius
171 1997 298 2058 subinde
321 1999 434 2058 mentio
457 1999 501 2072 fit,
523 1994 632 2073 κύριος
654 1999 789 2058 mulieris
813 1991 955 2078 (fortasse
979 2000 1075 2057 frater

53 2079 170 2164 maior)
192 2087 345 2163 putandus
369 2090 425 2147 est.
443 2119 484 2129 —
510 2087 596 2157 Quod
619 2087 656 2147 ad
679 2091 798 2164 tempus
823 2106 931 2147 causae
955 2088 1073 2161 attinet,

55 2177 92 2237 Α.
114 2175 294 2235 Schaeferns
330 2177 433 2252 paullo
470 2180 541 2236 ante
570 2179 687 2253 107,4
716 2180 814 2236 actam
853 2195 917 2235 esse
956 2175 1074 2252 statuit,

21 2264 24 2269 ’
55 2267 184 2343 propter
206 2266 415 2341 populationes
437 2265 583 2341 Philippi,
612 2266 664 2342 qui
687 2267 725 2325 ol.
746 2268 808 2325 106
829 2265 977 2324 Lemnum
1000 2283 1073 2339 quo-

56 2373 116 2431 que
150 2354 279 2413 navibus
311 2355 436 2413 adortus
469 2360 546 2432 erat,
578 2355 807 2430 Lycophronem
843 2354 916 2411 illuc
947 2353 1074 2411 missum

55 2447 169 2518 putans
200 2443 359 2520 locumque
383 2443 513 2502 Theonis
543 2443 687 2519 rhetoris,
717 2443 770 2520 qui
800 2461 836 2500 ex
858 2440 991 2518 Lycurgi
1018 2442 1074 2515 τῆ(

57 2528 183 2607 ὕβρεως
211 2525 320 2602 λόγοι(
348 2532 582 2591 Demosthenem
608 2533 640 2590 in
667 2532 831 2590 Midianam
859 2549 945 2590 suam
973 2530 1075 2607 aliqua

56 2619 250 2679 transtulisse
274 2620 356 2697 dicit,
379 2621 418 2679 ad
440 2621 494 2679 has
519 2621 669 2680 crationes
692 2621 833 2679 referens,
871 2619 913 2677 At
932 2638 968 2677 ex
986 2638 1073 2695 prae·

54 2710 178 2768 sectura
205 2709 410 2784 Lycophronis
443 2709 604 2768 Lemniaca
636 2709 712 2767 nihil
745 2709 903 2785 quicquam
936 2708 1074 2767 concludi

30 2815 147 2874 posse
172 2795 346 2857 Aristotelis
369 2793 515 2876 πολιτείᾳ
538 2791 714 2871 Ἀθηναίων
742 2798 865 2856 inventa
892 2796 952 2854 iam
976 2797 1074 2856 edocti

56 2877 235 2967 sumus,**)
258 2905 355 2963 neque
375 2887 505 2946 alterum
524 2890 735 2964 argumentum
754 2886 850 2945 multo
869 2885 999 2944 validius
1019 2888 1074 2945 est.

56 2974 118 3034 Sed
151 2993 221 3033 cum
255 2970 454 3047 εἰεαγγελίαν
491 2977 660 3034 accusatori
696 2993 813 3051 semper
849 2975 971 3051 impune
1009 2993 1073 3034 esse

52 3063 229 3141 Hyperides
248 3063 379 3123 affirmet
393 3061 426 3138 (ξ
443 3055 508 3144 12),
527 3083 594 3122 eam
612 3066 714 3123 autem
732 3064 914 3141 impunitam
929 3064 1074 3139 proximis

52 3157 127 3229 post
159 3171 291 3230 pugnam
317 3152 555 3212 Chaeronensem
586 3153 772 3228 temporibus
803 3172 865 3213 non
893 3153 953 3211 iarn
981 3153 1072 3211 fuisse

165 3374 191 3444 ³¹⁸)
209 3375 270 3428 Hoc
289 3391 352 3430 cnm
370 3374 428 3428 iam
447 3377 531 3429 antea
549 3374 725 3442 statuissem,
744 3391 817 3429 novo
836 3374 994 3444 fragmento
1013 3389 1074 3428 ora·

50 3445 144 3502 tionis
163 3445 279 3500 invento
298 3446 492 3501 confirmatum
511 3449 561 3516 est,
580 3465 606 3500 v.
621 3444 673 3501 col.
688 3451 731 3514 47,
747 3453 771 3502 8.

147 3516 189 3587 **)
208 3519 242 3573 V.
260 3516 378 3574 Aristct.
396 3520 466 3574 Πολ.
482 3519 538 3573 Ἀθ.
558 3535 580 3572 c.
597 3523 639 3587 61,
655 3523 679 3573 6.
751 3561 756 3571 .

824 3605 858 3658 d*
