2392 3960
489 180 697 236 PRAEFATIO
999 176 1003 181 ’
1040 181 1106 235 XIlI

90 355 159 394 cum
177 352 288 408 magno
307 333 410 392 fructu
427 337 474 390 est
493 336 644 408 expertus.
681 332 775 410 Signa
787 333 862 391 haec
876 336 959 392 sunt:
979 332 1106 392 delenda

87 424 193 482 littera
201 423 251 481 vel
264 421 455 499 transfigitur
463 422 512 480 vel
520 424 632 497 puncto
642 421 832 497 superposito
842 425 980 497 notatnr3
995 422 1107 481 omissa

87 532 184 588 supra
195 530 317 570 versum
330 511 396 570 loco
412 509 514 569 debito
529 510 704 588 apponitur3
724 511 758 569 in
774 510 928 569 mutandis
942 514 1105 588 utrumque

85 601 130 661 fit,
178 600 277 659 Semel
299 601 331 658 in
352 599 549 675 Euxenippea
570 617 676 658 versus
699 603 784 659 totus
807 600 935 659 omissus
958 602 989 658 et
1012 618 1106 676 supra

85 691 259 749 columnam
278 689 412 747 additus:
430 687 484 746 ubi
502 688 595 766 deest,
614 692 685 747 ante
699 688 869 748 columnam
883 687 990 747 ductus
1004 688 1104 748 brevis

88 813 248 891 rotundus,
265 818 336 889 post
358 832 425 872 eam
443 786 473 887 d,
491 814 548 872 hoc
567 817 614 872 est
632 806 701 871 ἄνω
717 805 801 893 (vide
820 805 926 893 supra)
940 812 1104 889 appictum,

87 942 160 997 ante
184 955 307 997 versum
329 937 429 1014 ipsum
450 938 531 997 idem
549 937 603 996 ille
621 937 738 1010 duobis,
760 939 830 1015 post
848 911 896 1014 ab,
920 938 1001 1014 quod
1019 931 1105 996 κάτω

89 1019 180 1107 (vide
208 1018 308 1106 infra)
342 1026 603 1103 interpretandum
638 1030 694 1085 est.
751 1025 849 1085 Semel
883 1029 967 1086 totus
998 1044 1105 1085 versus

88 1116 169 1174 male
192 1115 335 1192 iteratus,
363 1117 456 1174 semel
483 1116 575 1175 etiam
601 1112 670 1191 plus
697 1133 788 1189 quam
814 1118 960 1190 quattuor
986 1133 1105 1174 versus:

91 1205 145 1262 ille
168 1204 255 1263 uncis
277 1205 417 1264 rotundis
439 1205 585 1279 inclusus,
612 1204 686 1262 haec
712 1204 832 1280 punctis
855 1222 946 1279 supra
969 1205 1105 1279 singulas

88 1293 209 1352 litteras
231 1293 340 1368 positis
362 1298 469 1352 notata
491 1297 570 1352 sunt

180 1379 200 1458 ξ
225 1384 254 1440 6.
295 1381 332 1440 Ιιι
369 1383 586 1459 orthographia
617 1382 695 1440 liber
726 1382 883 1456 complura
918 1381 1118 1476 notandam·
1069 1374 1143 1414 ΟΜ)
1129 1385 1184 1423 ⁰⁸¹⁸

90 1471 191 1529 babet
230 1470 368 1529 Primum
390 1471 454 1530 iota
476 1471 556 1548 quod
574 1474 694 1529 mutum
712 1470 823 1529 dicitur
840 1469 980 1546 quodque
998 1440 1077 1528 illap
1075 1481 1145 1522 minis
1131 1429 1184 1522 ⁰A

90 1562 190 1618 aetate
215 1578 323 1618 revera
349 1561 553 1634 obmutuerat,
581 1578 700 1618 summa
725 1558 850 1619 libidine
877 1559 927 1618 vel
954 1559 1107 1618 omittitur

89 1649 137 1706 rel
160 1648 216 1707 ubi
243 1648 345 1708 locum
366 1649 485 1707 nullum
508 1605 600 1708 habet
622 1648 758 1724 ponitur:
781 1649 883 1723 itaque
907 1645 1129 1722 περιήρημαι·

90 1737 142 1811 τῆ,
175 1733 322 1811 πολέμω,
354 1757 518 1813 rursusque
550 1732 677 1810 πλείωι,
709 1733 854 1811 ἐπιεικῆι,
886 1733 971 1810 ἤδηι,
1001 1731 1105 1810 ἀλλάι,

91 1823 299 1900 δικαετήριαι,
331 1822 422 1903 ἑγώι,
459 1821 577 1901 ἠτήεωι
613 1826 726 1904 scripta
760 1826 937 1902 reperimus.
988 1825 1106 1884 Scimus
1164 1832 1171 1843 '

90 1933 181 1990 porro
200 1914 404 1991 inAegyptiis
422 1915 550 1990 aliisque
568 1916 773 1991 proximorum
790 1915 852 1973 iam
870 1920 940 1974 ante
951 1913 1106 1973 Christum

89 2003 277 2062 saeculorum
309 2005 511 2063 monumentis
537 2005 601 2063 iota
627 2004 752 2080 longum
780 2007 812 2062 et
834 2020 862 2063 ει
885 2003 1106 2080 diphthongum

89 2111 215 2168 prorsus
238 2092 396 2164 confundi,
423 2112 519 2168 neque
547 2087 698 2167 πολείτηε
726 2093 825 2151 solum
848 2097 880 2150 et
902 2091 1023 2166 νεικᾶν,
1053 2092 1105 2150 sed

92 2181 184 2239 etiarn
219 2175 263 2254 ἰμί
295 2181 429 2256 adeoque
462 2178 564 2242 ἐετείν
600 2181 634 2240 in
668 2182 796 2257 privatis
831 2185 912 2240 certe
944 2181 1105 2258 Aegyptiis

89 2270 203 2328 libellis
235 2288 378 2345 persaepe
410 2275 539 2344 exstare,
571 2271 604 2328 id
632 2271 713 2345 quod
744 2275 776 2329 et
806 2270 946 2345 ipsume
974 2288 1106 2344 pronun·

91 2359 190 2416 tiandi
212 2359 330 2418 ratione
352 2360 561 2436 repetendum,
588 2378 665 2434 quae
689 2376 717 2418 ει
740 2358 943 2434 diphthongo,
970 2358 1031 2416 nisi
1053 2358 1106 2416 ubi

92 2447 207 2507 roralis
230 2447 446 2523 insequebatur
476 2443 565 2527 (nam
588 2441 802 2521 Ἀλεξάνδρηα
824 2451 856 2507 et
878 2440 1016 2520 Πληάδα
1038 2450 1105 2506 tum

92 2537 214 2612 quidem
238 2534 402 2614 scribunt),
425 2538 489 2595 iota
511 2537 656 2614 simplicis
679 2537 792 2596 vocalis
816 2555 923 2595 sonum
945 2535 1105 2595 tribuerat

91 2624 191 2684 Huius
213 2625 333 2702 generis
355 2625 388 2683 in
410 2625 574 2700 Hyperidis
597 2627 675 2686 libro
698 2625 892 2702 reperiuntur
913 2620 1105 2698 προδεδάνι-

92 2729 174 2785 (ται,
202 2708 368 2787 μιρακίων,
396 2710 628 2789 ἐκλελιμμέναι,
657 2709 796 2787 μεικράε,
826 2711 983 2788 βέλτειον,
1012 2707 1104 2787 ἀφει-

93 2801 226 2875 γμὲναε,
253 2803 374 2879 aliaque
402 2803 539 2880 exempla
561 2803 682 2863 circiter
703 2802 821 2879 viginti.
867 2802 954 2872 Quod
976 2803 1007 2861 in
1036 2802 1105 2862 istis

90 2891 203 2950 libellis
222 2892 315 2950 etiam
334 2909 350 2950 ε
369 2895 401 2950 et
414 2909 442 2965 η,
461 2897 526 2952 oet
541 2909 576 2965 ω,
599 2911 669 2951 raro
688 2908 719 2951 οι
737 2911 855 2967 quoque
874 2895 906 2951 et
919 2910 938 2951 υ
953 2895 985 2950 et
1002 2891 1105 2967 paullo

92 2981 213 3057 saepius
237 2997 270 3038 αι
293 2984 325 3040 et
347 2997 363 3040 ε
387 2981 623 3057 confunduntur,
651 3000 755 3040 earum
783 3000 885 3039 rerum
911 2998 973 3040 non
1000 2983 1104 3039 extant

91 3070 150 3128 nisi
172 3087 325 3146 perpauca
351 3070 494 3148 vestigia,
522 3070 549 3128 si
579 3069 702 3146 quidem
728 3071 879 3146 scriptura
901 3085 1030 3128 ακουειν
1054 3087 1105 3130 κε-

93 3157 199 3218 λευειν
222 3177 276 3233 pro
299 3153 428 3218 ἀκούειν
451 3155 503 3218 καὶ
527 3156 670 3218 κελεύειν
693 3159 762 3218 iude
785 3159 905 3219 facilius
928 3158 1105 3234 explicatur,

94 3248 174 3323 quod
196 3247 340 3306 librarius
362 3248 501 3306 voculam
523 3248 614 3307 istam
637 3247 671 3309 κε’
694 3240 983 3327 pronuntiaverit.*)
1010 3279 1047 3287 —
1070 3247 1105 3305 Id

94 3355 210 3413 quoque
228 3355 289 3395 non
308 3336 516 3415 omittendum,
541 3341 692 3396 extremae
710 3338 830 3398 litterae
848 3336 1105 3413 praepositionum

163 3542 190 3611 *)
208 3541 241 3611 V„
257 3542 344 3596 etiam
363 3557 435 3609 quae
454 3541 592 3598 adnotata
610 3543 676 3596 sunt
694 3542 731 3596 ad
749 3558 788 3597 or.
803 3541 850 3609 Ill,
868 3540 922 3596 col.
937 3541 1010 3608 xxi,
1024 3547 1069 3595 22.
