2378 3944
477 136 656 192 επιτλοιος
1031 132 1074 198 93

58 288 167 361 ξαντο,
191 279 262 346 ἀλλ’
285 281 313 346 εἰ
336 284 413 346 δέον
436 281 552 360 εἰπεῖν,
573 285 577 358 Ι
598 283 649 346 καὶ
673 281 830 362 μείζωῖνλ.
878 281 908 344 οἱ
931 283 989 358 μὲν
1013 282 1074 362 γὰρ

57 373 151 454 τοὺ[ς
170 369 177 458 Ι
197 376 253 449 τῆς
281 371 433 449 πατρίδος
465 369 642 449 τυράννους
676 367 883 456 [καίτέλυςαη
916 369 1005 434 οὗτοι
1039 373 1074 436 δὲ

16 463 137 526 emec
167 465 225 539 τῆς
251 455 412 546 Ἑλίλιίδος
445 458 575 538 ἁπάςης.
600 459 626 522 ὢ
650 462 748 538 καλῆς
782 460 839 537 μὲν
863 458 874 540 [l
898 460 949 523 καὶ
972 480 1074 538 παρα·
1094 475 1129 525 40

58 549 158 615 δόξου
173 550 292 628 τόλμης
310 553 366 627 τῆς
387 545 392 633 ί
412 548 602 627 πραχθείςης
621 548 685 612 ὑπὸ
704 553 808 612 τῶνδε
826 551 892 610 τῶν
912 551 917 625 Ι
938 546 1074 627 ἀνδρῶν,

59 638 197 704 ἐνδόξου
217 638 253 701 δὲ
272 637 324 701 καὶ
343 633 619 722 μείγαλοπρεποῦς
638 639 853 715 προαιρέςεως
869 633 872 722 Ι
889 636 926 713 ἧς
944 638 1074 718 προω-

23 727 203 806 ιοείλοντο,
226 761 271 771 -
293 722 557 811 ὑπερβαλξζλοόςης
585 728 621 790 δὲ
645 724 759 805 ἀρετῆς
782 726 833 790 καὶ
856 721 1076 812 ἀνθραίγαθίας

58 821 115 896 τῆς
139 816 176 881 ἐν
199 820 268 879 τοῖς
292 816 458 892 κινδύνοις,
479 819 484 893 Ι
503 818 543 894 ἣν
563 813 653 879 οὗτοι
672 815 909 893 παραςχόμενοι
928 815 972 878 εἰς
992 813 997 896 Ι
1018 817 1076 894 τὴν

42 907 174 984 ’κοινὴν
199 904 381 982 ἐλευθερίαν
401 907 407 983 Ι
425 907 492 968 τιίιν
510 903 671 984 Ἑλλήνων
691 899 698 989 Ι

435 1020 454 1058 *
561 1063 581 1106 ἧς
686 1020 703 1059 ³1⁸

153 1134 319 1216 [Χαλεπὸν
343 1135 400 1212 μὲν
423 1133 498 1198 ίςως
520 1136 584 1199 ἑςτὶ
606 1136 682 1199 τοὺς
705 1135 741 1200 ἐν
759 1139 828 1199 τοῖς
846 1135 1004 1199 τοιούτοις
1024 1134 1077 1198 ὄν·
1096 1151 1130 1200 41

60 1244 119 1287 τας
143 1222 256 1287 πάθεςι
286 1227 549 1301 παραμυθεῑςθαι·
580 1223 619 1286 τὰ
649 1224 709 1302 γὰρ
742 1227 843 1301 πένθη
874 1223 949 1288 οὔτε
978 1223 1078 1299 λόγωι

61 1312 139 1376 οὔτε
163 1311 265 1389 νόμωι
288 1313 465 1389 κοιμίζεται,
489 1309 560 1375 ἀλλ’
582 1313 601 1390 ἡ
626 1313 718 1391 φύςις
747 1312 879 1376 ἑκάςτου
908 1313 959 1375 καὶ
987 1313 1078 1391 φιλία

60 1401 144 1479 πρὸς
163 1401 221 1465 τὸν
240 1403 473 1480 τελευτήςαντα
493 1401 579 1482 (τὸν)
595 1400 723 1479 δριςμὸν
743 1400 809 1480 ἔχει
827 1405 885 1464 τοῦ
904 1403 1078 1465 λυπεῑςθαι.

60 1487 151 1568 ὅμως
175 1491 210 1553 δὲ
235 1491 294 1568 χρὴ
319 1494 450 1568 θαρρεῖν
479 1490 531 1553 καί
561 1495 617 1568 τῆς
645 1490 748 1569 λύπης
775 1494 944 1567 παραιρεῖν
973 1489 1017 1553 εἰς
1040 1491 1078 1553 τὸ

62 1577 291 1656 ἐνδεχόμενον,
315 1579 367 1642 καί
390 1583 561 1656 μεμνῆςθαι
585 1581 625 1657 μὴ
650 1579 751 1657 μόνον
770 1582 828 1642 τοῦ
852 1577 993 1643 θανάτου
1012 1581 1078 1643 τῶν

60 1667 349 1745 τετελευτηκότων,
369 1664 452 1730 ἀλλὰ
470 1668 522 1730 καὶ
540 1672 595 1745 τῆς
615 1665 729 1746 ἀρετῆς
748 1667 785 1745 ἧς
804 1667 1077 1731 καταλελοίπαςιν.

62 1756 91 1821 εἰ
115 1756 178 1834 γὰρ
202 1757 330 1833 θρήνων
354 1753 424 1820 ἄξια
448 1756 653 1834 πεπόνθαςιν,
677 1754 747 1820 ἀλλ’
766 1755 909 1820 ἐπαίνων
929 1756 1078 1835 μεγάλων
1097 1773 1131 1821 42

61 1846 281 1924 πεποιήκαςιν.
305 1844 332 1908 εἰ
356 1845 391 1908 δὲ
414 1846 520 1924 γήρως
544 1850 661 1924 θνητοῦ
685 1847 725 1924 μὴ
749 1846 909 1922 μετέςχον,
933 1842 1004 1909 ἀλλ’
1028 1844 1079 1907 εὐ-

136 2077 170 2126 31
196 2075 279 2138 μειζω
303 2069 368 2126 fort.
383 2070 421 2124 Αί
443 2088 512 2126 eurr.
537 2103 570 2112 -
593 2077 628 2126 43
652 2073 741 2127 ὲλευθ.
766 2072 830 2143 [τὴν
853 2071 918 2140 Βδ.;
942 2074 979 2126 u.
997 2075 1002 2140 1
1022 2077 1079 2125 τῶν

61 2143 113 2200 Ob.
130 2173 164 2183 -
179 2143 213 2196 ut
231 2144 379 2209 extremus,
398 2141 441 2196 Itu
457 2142 504 2197 hie
523 2159 634 2211 quoque
652 2159 749 2197 versus
768 2144 843 2197 iusto
861 2142 973 2197 brevior
985 2141 1079 2196 fuerit.

137 2213 259 2267 Exstant
276 2214 425 2282 praeterea
443 2213 498 2267 duo
516 2213 635 2282 parvula
651 2213 735 2267 huius
749 2213 898 2268 voluminis
912 2213 1080 2282 fragmenta,

61 2283 329 2354 quorum-alterum,
348 2285 377 2338 in
395 2301 452 2352 quo
466 2286 642 2339 transversae
661 2284 748 2339 fibrae
766 2287 954 2353 porriguntur,
974 2285 1023 2338 aut
1042 2281 1079 2336 ed

62 2355 119 2412 eol.
134 2356 174 2410 XI
197 2355 335 2424 pertinuit
353 2357 402 2409 eut
426 2356 462 2409 ud
485 2355 610 2424 aliquam
629 2372 700 2424 quae
723 2358 789 2425 pout
808 2355 882 2409 XIII.
902 2355 1079 2422 sequebatur.

61 2427 97 2481 Id
110 2426 167 2496 frg.
177 2442 211 2480 ex
226 2424 355 2480 omnibus
369 2425 499 2494 partibus
512 2427 675 2481 mutilatum
689 2427 740 2480 hee
756 2426 867 2481 litterae
880 2426 978 2480 hebet:
995 2425 1077 2495 αλλοί

62 2502 138 2553 πολλ
154 2499 159 2567 Ι
174 2514 231 2567 μεν.
267 2496 396 2551 Alterum
414 2497 476 2566 frg„
496 2498 571 2566 quod
589 2496 738 2567 postmodo
757 2496 901 2551 inventum
919 2496 1080 2564 nequedum

62 2586 111 2638 ap.
120 2567 330 2636 Bebingtonem
340 2567 496 2622 exhibitum
506 2571 558 2636 est,
572 2586 646 2623 nunc
660 2570 755 2622 autem
768 2568 866 2622 latitat
875 2583 965 2636 neque
978 2569 1081 2621 iterum

62 2637 223 2694 examinari
236 2640 339 2708 potuit,
352 2638 423 2692 haee
436 2638 566 2710 praebet:
587 2659 658 2694 ..π.
672 2640 674 2710 λ
688 2657 728 2707 ιερ
740 2681 745 2694 .
759 2640 761 2711 λ
775 2682 781 2695 .
793 2682 798 2694 .
809 2658 842 2705 γε
858 2643 863 2708 l
880 2659 956 2708 ...ρ
982 2638 1080 2708 Margo

61 2727 100 2766 ne
119 2711 152 2764 in
169 2710 225 2765 hoe
244 2709 357 2778 quidem
375 2710 429 2779 fug.
448 2726 566 2777 usquam
584 2713 684 2765 exstet.
722 2710 762 2764 ef.
782 2712 818 2764 ed
837 2727 859 2766 ο.
875 2711 896 2778 Ι,
913 2715 955 2766 19.

139 2780 258 2836 Aeeedit
276 2779 384 2851 epilogi
402 2798 504 2850 magna
522 2797 588 2850 pers
607 2798 625 2835 a
643 2782 720 2836 stou.
738 2781 810 2836 Flor.
831 2788 891 2848 124,
907 2787 941 2835 36
961 2783 1081 2848 servata,

62 2851 116 2908 ubi
134 2851 241 2906 lemme
260 2852 407 2920 Ὑπερίδου
426 2852 581 2920 praefixum
600 2854 651 2906 est.
672 2885 703 2892 -
723 2854 830 2924 πάθεςι]
849 2855 957 2907 πένθεςι
976 2853 1032 2908 Mh.
1050 2884 1080 2891 —

62 2925 117 2979 τὸν
132 2925 245 2991 δριςμδν
260 2922 297 2990 S„
316 2925 358 2990 ὁρ.
373 2922 448 2978 libri.
463 2954 497 2963 -
511 2930 655 2991 παραιρεῖν
671 2924 766 2980 (λοιπε
786 2931 855 2978 -νεῖν
874 2923 956 2977 codd.
971 2927 1083 2992 praeter

62 2993 105 3049 A¹
121 3010 192 3049 eurr.
208 3024 242 3034 -
256 2998 309 3062 τῆς
326 2995 369 3062 ἀρ.
390 2992 445 3067 (ἧς
463 2994 652 3061 ἀποδεδείχαςι
671 2998 715 3049 καὶ
733 3000 784 3062 τῆς
802 2995 906 3067 δόξης)
924 2997 958 3061 ἧς
976 2995 1032 3049 Mh.
1049 3025 1081 3034 —

65 3065 92 3123 εἰ
109 3066 165 3135 γὰρ
183 3068 227 3135 θρ.
244 3064 387 3135 Leopurdi
405 3064 469 3133 (Rh.
484 3066 521 3118 M.
542 3071 610 3120 1835
629 3084 655 3135 p.
672 3067 729 3135 11):
749 3068 782 3120 οὺ
801 3068 855 3134 γὰρ
874 3072 915 3134 θρ.
930 3097 967 3106 -
980 3068 1082 3132 ἑπιμέλ.

63 3140 127 3193 τῶν
146 3135 302 3204 οἰχομένων
319 3136 396 3204 παρὰ
414 3134 488 3190 Max.
507 3139 542 3206 (v.
557 3136 641 3204 insu).
657 3168 690 3177 —
710 3139 801 3205 ὥςπερ
819 3139 899 3192 δπολ,
920 3140 998 3203 εἶναι,
1017 3140 1083 3190 τοὺς

63 3212 129 3264 ταῖς
150 3209 207 3263 κτὲ.
231 3206 271 3276 A3
294 3204 346 3261 ulii
373 3206 453 3262 eodd.
477 3209 509 3261 ιδ,
528 3209 554 3261 δ.
578 3209 619 3273 εἴη
643 3226 669 3261 τ.
692 3227 717 3264 τ.
749 3207 822 3261 Ηίιιο
846 3208 873 3263 S.
898 3210 957 3275 ὑπ,
982 3209 1023 3274 εἴη
1048 3210 1083 3262 ἂν

10 3224 41 3331 ἱ
65 3274 176 3335 effeeit·
195 3276 244 3333 cb.
262 3279 330 3349 ροιδ
345 3276 485 3346 Τουρίιιιιι
503 3278 551 3347 (ud
564 3278 652 3346 Long.
666 3298 695 3333 π.
710 3281 736 3334 θ.
751 3295 773 3334 ο.
790 3284 836 3346 34;
856 3278 1003 3334 admonuit
1020 3278 1082 3344 Bb.)

25 3336 128 3419 ’ἶ-ὑπ,,
154 3320 235 3405 είκδς.
272 3349 377 3405 Postea
397 3348 452 3402 AM
475 3354 519 3405 πλ.
539 3350 703 3418 ἐπιμελείαςς
727 3349 858 3418 idemque
877 3349 1003 3418 Append.
1023 3349 1083 3403 flor.

42 3424 54 3481 ’γ
64 3438 95 3491 p.
111 3426 146 3477 ’λθ
165 3419 276 3491 (eddIto
296 3424 341 3474 καί
358 3422 424 3490 poet
442 3422 525 3487 ἐπιμ.)
545 3422 574 3475 et
592 3420 731 3475 Maximus
751 3421 828 3476 Conf.
845 3439 872 3489 p.
889 3429 939 3476 642
960 3419 1083 3476 Combei.

66 3496 122 3549 199
139 3489 234 3560 turim,
252 3488 303 3546 ubi
317 3493 441 3546 extreme
454 3492 541 3546 verbu
558 3491 625 3546 inde
639 3493 675 3546 ab
694 3493 718 3547 εἰ
737 3495 762 3546 δ’
776 3494 847 3547 ὲςτίν
865 3491 972 3561 pariter
985 3490 1083 3560 legun·
