2392 3960
493 161 698 218 PRAEFATIO
1054 164 1107 219 XV

88 317 286 396 agglutinata
305 316 338 375 in
357 315 496 374 undecim
515 314 630 374 tabulis
655 314 833 392 marginatis
853 314 984 390 inclusit,
1003 314 1106 376 ordine

89 407 233 482 fortuito,
270 405 322 482 qui
358 404 528 463 necessario
568 422 648 462 nunc
684 403 729 462 eis
765 404 939 463 retinendus
977 406 1036 480 est,
1071 409 1107 463 ut

86 515 128 555 ne
159 493 332 571 recomponi
367 492 488 568 quidem
524 494 640 569 possint
676 511 753 568 quae
790 492 862 570 olim
898 493 1106 552 cohaeserunt

85 585 154 643 Diu
176 583 332 642 Harrisius
364 582 446 659 apud
478 600 510 640 se
542 581 662 659 habuit,
695 581 747 640 sed
778 583 849 657 post
881 582 945 640 eius
977 584 1106 641 mortem

87 676 246 733 curatores
268 671 367 730 Musei
396 670 568 730 Britannici
599 673 763 729 emerunt.¹
800 669 926 729 Ardeuii
955 671 1106 748 volumen,

87 764 253 838 postquam
276 760 430 820 evolutum
453 760 680 838 agglutinatum
707 759 740 818 in
767 759 867 819 forme
888 760 990 837 lignea
1010 759 1107 817 inclu-

89 870 160 910 sum
178 853 233 924 est,
255 849 440 925 permultos
459 867 553 908 annos
571 849 604 908 in
621 849 697 909 villa
716 849 796 907 senis
813 848 1005 924 venerabilis,
1027 867 1104 923 quae

89 943 140 999 est
161 939 195 998 in
220 939 287 998 loco
315 937 368 1013 qui
389 938 674 1014 „Rickmansworth
695 933 798 1016 lfark“
822 941 962 1013 vocatur,
988 937 1105 1014 insigne

87 1029 164 1088 atrii
186 1029 396 1087 ornamentum
421 1027 495 1103 fuit3
523 1027 632 1103 quippe
659 1045 721 1086 non
743 1028 843 1086 exstat
865 1045 992 1103 usquam
1010 1028 1106 1085 terra-

86 1137 161 1176 rum
190 1134 323 1193 papyrus
360 1114 493 1175 Graecus
528 1117 581 1192 qni
609 1116 689 1175 hunc
723 1115 914 1195 longitudine
949 1109 1105 1191 aequet*)

88 1206 151 1265 Sed
173 1208 335 1283 postquam
358 1205 509 1264 Ardenius
532 1202 588 1263 hac
610 1205 676 1265 vita
698 1204 835 1273 excessit,
858 1223 917 1264 nno
942 1204 1106 1279 eodemque

87 1295 140 1354 die
165 1298 197 1354 et
222 1295 279 1352 hoc
305 1293 448 1353 volumen
475 1296 506 1353 et
533 1293 732 1353 clarissimum
754 1292 979 1353 Banlresianum
1001 1292 1106 1351 Iliadis

89 1404 111 1443 a
132 1384 230 1442 Musei
253 1383 442 1442 curatoribus
466 1385 602 1458 emptum
629 1385 683 1442 est
729 1382 837 1458 Itaque
859 1401 937 1458 quae
960 1382 1107 1457 dissipata

89 1476 181 1532 erant
200 1473 262 1530 iam
284 1471 428 1530 maiorem
451 1474 570 1548 partem
592 1490 698 1531 rursus
720 1476 934 1531 convenerunt

181 1559 201 1636 ἓ
220 1563 250 1620 8.
274 1558 461 1620 Orationis
479 1561 645 1621 funebris
663 1561 773 1620 codex
792 1552 885 1639 (nnnc
900 1552 965 1638 A³)‚
984 1579 1053 1619 cum
1072 1552 1192 1654 {mx

87 1651 124 1710 in
154 1649 344 1709 Britanniam
375 1652 516 1725 portatus
548 1652 607 1724 est,
638 1650 670 1707 in
700 1649 757 1707 XV
789 1650 961 1727 fragmenta
992 1648 1052 1707 dis·
1066 1659 1194 1736 volumini·

86 1741 214 1814 cerptus
242 1741 321 1813 erat3
348 1741 381 1796 at
407 1738 560 1814 Babiugto
587 1738 704 1814 primus
731 1738 830 1798 editor
857 1742 889 1796 et
916 1738 1053 1798 sollertia
1113 1711 1153 1752 A'

88 1846 166 1887 usus
183 1832 215 1886 et
233 1826 370 1886 acumine
382 1827 415 1884 id
428 1827 540 1900 effecit,
558 1832 594 1886 ut
612 1846 664 1887 sex
681 1830 801 1886 tantum
820 1830 921 1886 essent
938 1827 1105 1903 particulae

88 1933 256 1993 earumque
279 1915 352 1974 ordo
374 1919 496 1992 praetor
518 1935 610 1974 unam
632 1916 865 1975 minutissimam
888 1918 971 1975 certo
995 1916 1105 1975 consti

86 2009 187 2064 tutus.
218 2004 324 2081 Neque
342 2005 502 2081 quicquam
519 2005 583 2063 fere
601 2004 710 2082 reliqui
723 2005 777 2064 ille
790 2005 863 2064 fecit
880 2006 1025 2081 proximis
1039 2005 1106 2093 adp

88 2094 218 2169 toribus,
240 2093 300 2152 nisi
316 2096 353 2152 ut
370 2093 429 2152 duo
452 2093 551 2170 prima
568 2094 740 2170 fragmenta
762 2095 800 2153 ad
823 2113 914 2152 unam
936 2095 1107 2153 columnam

90 2182 280 2242 efficiendam
298 2182 560 2260 coniungerentur.
602 2183 740 2241 Tertium
757 2183 962 2258 fragmentum
976 2183 1106 2242 secundo

62 2273 68 2281 ’
89 2271 301 2347 continuatur,
328 2271 483 2330 columnas
512 2274 657 2348 quattuor
679 2273 862 2348 quintaeque
884 2275 1003 2347 partem
1025 2290 1106 2329 com·

88 2361 229 2436 plexum3
251 2360 321 2419 inde
339 2358 481 2419 continuo
501 2362 643 2436 quartum
661 2361 780 2437 excipit,
804 2360 835 2418 in
854 2379 913 2436 quo
932 2363 964 2418 et
982 2359 1106 2436 quintae

88 2451 250 2509 columnae
273 2449 370 2508 maior
392 2467 463 2524 pars
486 2453 518 2507 et
539 2449 617 2508 aliae
641 2450 772 2527 quinque
796 2453 925 2508 exstant
961 2448 1107 2508 Extrema

88 2557 166 2598 sane
188 2537 304 2614 harum,
326 2538 485 2596 undecima
506 2557 644 2614 numero,
668 2539 706 2597 ab
729 2538 818 2597 initio
839 2537 994 2614 usquead
1016 2537 1106 2596 finem

88 2626 223 2686 nimium
244 2617 392 2703 quantum
414 2626 556 2685 mutilata
578 2631 633 2699 est,
656 2646 753 2704 neque
776 2628 851 2686 haec
873 2645 944 2702 pars
967 2627 1032 2686 eins
1054 2644 1105 2685 ns·

89 2735 185 2793 quam
209 2719 371 2792 comparet
416 2714 562 2785 Quintum
584 2716 789 2793 fragmentum
815 2717 1007 2792 insequentes
1030 2715 1106 2774 duas

91 2805 242 2879 continet3
264 2804 399 2882 reliquae
423 2823 492 2864 cum
511 2805 630 2881 epilogo
649 2805 793 2864 orationis
811 2805 937 2881 periisse
955 2805 1105 2864 videntur.

88 2893 174 2952 Nam
196 2895 315 2952 sextum
338 2893 459 2969 quidem
486 2894 703 2970 fragmentum,
726 2894 807 2970 quod
836 2893 899 2953 sive
931 2894 970 2953 ad
996 2893 1107 2951 harum

87 2983 227 3057 aliquam
250 2982 312 3041 sive
335 2982 374 3040 ad
395 2982 585 3042 undecimam
607 2983 763 3059 pertinuit,
785 2983 829 3041 XI
852 2987 898 3041 est
919 2983 1105 3058 litterarum3

89 3070 237 3146 aliudque
273 3072 430 3146 postmodo
465 3071 623 3131 inventum
657 3071 828 3148 nequedum
864 3091 883 3130 a
913 3071 1104 3146 Babingtone

87 3160 208 3218 editum
235 3158 296 3218 VII
326 3160 445 3218 litteras
476 3161 576 3220 habet.
632 3159 774 3220 Ceterum
811 3161 914 3221 ordine
951 3159 1105 3219 collocatis

88 3248 244 3325 omnibus,
267 3249 461 3324 explanatum
487 3249 629 3309 volumen
656 3250 837 3327 chartaeque
867 3250 1022 3308 caeruleae
1049 3248 1105 3306 im·

161 3453 188 3522 *)
212 3453 274 3522 Ipse
297 3453 460 3508 Aristotelis
482 3453 556 3509 liber
581 3472 637 3509 non
661 3456 706 3509 est
734 3454 928 3524 excipiendus:
950 3469 1007 3507 uon
1029 3451 1104 3531 enim

83 3526 119 3580 in
137 3542 197 3580 una
219 3524 319 3580 charta
341 3526 392 3579 sed
413 3524 443 3580 ia
462 3527 596 3594 quattuor
618 3525 649 3580 id
667 3526 804 3596 scriptum
822 3526 858 3580 ab
881 3524 964 3580 initio
985 3523 1102 3578 exstitit.
