2378 3944
144 162 208 226 110
472 220 477 233 ,
511 163 785 253 auocuacuauu

142 307 182 370 ad
206 305 303 373 Hom.
322 307 359 370 Il.
373 330 408 389 μ.
429 309 503 392 746,
526 307 579 372 45.
625 306 678 372 Ad
702 308 839 372 eundem
861 309 978 374 locum
1005 309 1039 376 S.
1058 313 1166 376 refert:

142 395 186 459 ὡ(
210 397 285 460 Ὑπ.
310 396 521 482 euocatum,
544 396 663 461 Pollux
686 396 725 478 V,
748 399 769 478 ξ
794 398 868 462 107.

87 593 143 634 x1v
362 573 431 637 XV.
462 577 562 640 ΚΑΤΑ
590 575 767 642 ΔΗΜΕΟΥ
791 576 936 641 ΞΕΝΙΑΕ

567 679 590 732 εἰ
608 680 727 746 γνήειοε.

100 808 126 847 99
230 786 281 851 81.
305 785 503 871 ὀσχοφόροι·
525 788 608 852 Ὑπ.
632 789 668 852 ἐν
692 792 738 870 τῷ
761 787 842 851 κατὰ
861 790 1012 870 Δημέου,
1038 791 1067 855 εἰ
1091 795 1158 872 γνή-

142 896 215 939 mot.
261 873 417 956 Harpoor.

100 985 125 1025 99
231 963 282 1028 88.
315 963 552 1046 δειπνοφόρος·
615 966 691 1029 Ὑπ.
725 966 762 1029 ἐν
803 970 849 1048 τῷ
891 966 978 1030 κατὰ
1021 970 1156 1048 Δημέου.

99 1074 126 1113 99
229 1052 281 1116 89.
304 1057 402 1135 κυρία
439 1051 610 1135 ἐκκλησία·
655 1055 731 1118 Ὑπ.
756 1054 792 1118 ἐν
829 1059 876 1137 τῷ
910 1056 997 1119 κατὰ
1029 1060 1156 1138 Δημέου

133 1140 251 1218 Ξενίας,
277 1141 304 1205 εἰ
326 1145 461 1220 γνήειοε.
508 1143 665 1225 Harpoor.

99 1251 124 1290 99
227 1229 279 1293 90.
303 1233 464 1295 Χαλκεῖα·
508 1232 584 1295 Ὑπ.
615 1234 652 1296 ἐν
684 1237 731 1315 τῷ
764 1231 843 1295 κατὰ
874 1233 1014 1311 Δημέου
1048 1236 1154 1302 ξενίας.

138 1318 177 1381 τὰ
207 1319 345 1383 Χαλκεῑα
376 1321 470 1398 ἑορτὴ
494 1319 573 1399 παρ’
597 1320 775 1399 Ἀθηναῖοι(
797 1327 836 1405 τῇ
860 1319 982 1406 Ἀθηνᾷ
1008 1323 1152 1405 ἀγομένη.

138 1405 296 1492 Harpoer.

226 1495 398 1560 Praeterea
420 1497 484 1562 hue
507 1497 619 1561 retulit
643 1496 674 1562 S.
697 1498 801 1563 fauete
825 1497 950 1563 dietum
977 1500 1151 1586 Hyperidis

137 1585 290 1649 adversus
313 1584 469 1649 Demeam
493 1584 647 1651 Demadis
671 1589 774 1650 filium
799 1609 838 1652 ex
861 1588 1007 1654 libleina
1029 1599 1151 1657 natum:

137 1674 176 1738 οὐ
209 1676 369 1753 ειωπήεει,
407 1676 582 1754 μειράκιον,
599 1680 726 1754 μεῖζον
757 1682 814 1755 τῆ(
846 1677 969 1755 μητρὸς
1004 1679 1092 1759 ἔχων
1118 1682 1150 1745 τὸ

137 1764 264 1841 φύεημα
284 1762 375 1848 (mh.
393 1762 483 1845 XIII,
502 1762 621 1848 591F3
645 1762 782 1829 Philem.
802 1765 864 1829 lex.
883 1767 1031 1833 technol.
1044 1792 1078 1854 p.
1095 1769 1147 1834 191

137 1850 257 1934 Osann,
274 1850 424 1916 Euslath.
445 1853 484 1916 ad
503 1852 541 1917 Il.
559 1876 590 1937 p.
612 1853 752 1936 1151,·9·
764 1849 827 1941 m),
846 1854 933 1938 quod
954 1861 1071 1922 tamen
1088 1880 1146 1923 nou

139 1961 177 2004 ex
201 1940 355 2024 oratione,
379 1941 434 2006 sed
458 1945 495 2004 ut
518 1942 762 2028 apophthegme
785 1943 917 2026 aliquod
941 1946 1090 2013 affertur.

81 2138 125 2179 xv
431 2116 519 2184 XVI.
541 2120 650 2184 ΠΡΟ(
673 2121 855 2185 ΔΗΜΕΑΝ.

94 2264 119 2304 ou
224 2243 275 2307 92.
308 2242 487 2318 Λουσιεύς·
545 2243 622 2307 Ὑπ.
646 2245 683 2308 ἐν
718 2249 765 2329 τῷ
801 2245 889 2322 πρὸς
920 2249 984 2326 τὴν
1023 2250 1143 2330 Δημέου

134 2334 284 2411 γραφήν.Ι
300 2367 336 2377 -
362 2329 520 2416 Harpoer.

94 2431 138 2493 99·
223 2422 274 2486 93.
298 2421 575 2504 Σκευυποιηματα
607 2422 642 2485 δὲ
670 2421 747 2486 Ὑπ.
772 2423 808 2488 ἐν
835 2427 882 2506 τῷ
909 2426 998 2503 πρὸ(
1021 2428 1141 2507 Δημέαν

132 2509 249 2575 Pollux
272 2510 311 2592 X,
336 2509 385 2575 15.

79 2689 137 2729 xm
251 2668 356 2734 XVII.
382 2671 481 2734 ΚΑΤΑ
505 2671 741 2736 ΔΗΜΗΤΡΙΑ(
764 2671 1035 2739 ΑΠΟΕΤΑΕΙΟΥ.

93 2814 118 2854 99
217 2788 435 2858 Ἀποστασίου
464 2795 532 2872 δίκη
560 2831 608 2858 -.
633 2793 787 2859 πολλάκις
815 2793 843 2857 δ’
866 2796 932 2860 {cxl
963 2800 1056 2878 παρὰ
1081 2801 1136 2862 volt

133 2881 287 2961 ῥήτορειν,
312 2885 399 2961 παρὰ
421 2889 467 2967 τῷ
491 2883 586 2966 Λυείᾳ
609 2885 715 2968 ἐντῷ
738 2884 819 2962 πρὸ(
843 2882 1077 2967 Ἀριετόδημον
1096 2885 1135 2951 καὶ

130 2971 206 3035 Ὑπ.
230 2973 335 3056 ἐντῷ
359 2973 438 3036 κατὰ
460 2974 543 3052 Δημ.
567 2973 620 3036 ἀπ.
645 3008 687 3019 -
710 2972 867 3055 Harpoer.

131 3180 192 3218 esse
207 3163 329 3218 affirmat
342 3163 443 3218 Nauck
459 3164 553 3234 (Arist.
569 3164 634 3233 Byz.
648 3183 677 3234 p.
692 3169 726 3217 46
747 3165 811 3218 adn.
830 3169 877 3229 53;
903 3164 1057 3223 admonuil
1078 3166 1132 3232 Bb.)

129 3267 165 3282 -
189 3242 221 3292 87
245 3236 360 3302 Δημέου
380 3236 564 3290 Blunoardus:
589 3236 717 3306 δημαίου.
736 3266 770 3275 -
794 3241 828 3290 88
852 3236 971 3303 δημείου
992 3240 1019 3308 Ι,
1045 3237 1131 3307 μειδίου

128 3306 188 3375 BC,
211 3308 338 3374 δημάδου
357 3306 421 3360 Ald.
458 3306 534 3371 Quae
557 3325 601 3376 up.
621 3307 707 3377 Harp.
727 3306 881 3375 sequun’our
897 3308 990 3364 verba
1015 3328 1073 3366 non
1087 3305 1132 3377 HJ·
1178 3336 1186 3351 .

128 3380 233 3449 peridis
261 3380 315 3436 sed,
333 3377 495 3433 Philochori
520 3397 580 3434 esee
607 3379 633 3433 S.
656 3376 740 3446 vidit,
768 3376 833 3432 ooll.
860 3377 891 3430 Β.
917 3379 951 3434 A.
973 3387 1083 3450 19939.
1104 3404 1130 3419 ·

128 3458 162 3506 99
182 3453 286 3520 μηδέου
306 3449 336 3507 G.
354 3480 390 3490 -
408 3455 442 3503 90
461 3451 550 3517 δήμου
569 3450 623 3505 Bo.
642 3481 676 3492 -
696 3457 729 3504 92
749 3450 864 3517 Δημέου
882 3448 1076 3509 Blauoardue:
1095 3452 1131 3515 δη-

127 3523 218 3591 μαῐου.
1188 3552 1189 3573 ν
