2378 3944
89 155 207 210 XXXIV
494 154 702 211 PRAEFATIO

3 301 42 395 'dn
1 301 118 395 gssumtg
81 312 120 350 ²⁸
229 304 249 382 ἕ
270 309 320 367 24.
344 307 438 366 Nulla
456 308 559 366 autem
576 327 608 367 re
626 307 724 385 magis
742 306 803 364 iam
817 307 915 367 altera
928 326 1001 367 mea
1020 309 1114 370 editio

10 409 81 449 emti
84 408 162 455 s-Ia
189 396 286 472 prima
316 396 377 454 dist
364 396 450 472 tulit,
480 415 570 472 quam
598 397 701 455 ordine
731 397 971 474 fragmentorum
996 399 1114 474 primae

90 485 235 545 orationis
261 488 455 545 commutato
501 485 601 544 Antea
620 485 723 545 ordine
744 504 762 544 a
782 485 914 561 Sauppio
934 485 1114 548 introducto

89 593 162 634 usus
190 594 286 653 eram,
313 593 374 633 non
401 594 460 652 qno
489 579 604 633 certum
632 577 783 649 putarem,
818 574 871 633 sed
898 576 981 651 quod
1016 577 1112 636 alium

88 664 324 740 probabiliorem
346 664 464 722 nullum
482 663 679 722 inveniebam.
725 663 827 739 Atque
850 663 970 740 reipsa
989 665 1112 726 bonitas

42 824 46 834 .
88 753 172 812 illius
197 752 310 813 ordinis
335 753 530 828 comprobata
553 756 613 831 est;
640 772 711 811 nam
733 752 780 811 bis
805 753 853 812 vel
876 755 925 812 ter
948 755 1111 814 inventum

89 845 135 902 est
158 843 317 902 cohaerere
341 860 418 917 quae
443 841 594 917 Sauppius
621 841 707 900 iuxta
734 841 942 902 collocaverat.
991 842 1054 903 Sed
1076 864 1113 904 ea

87 931 231 990 nimirum
264 933 311 989 est
342 932 451 989 horum
482 931 722 1006 fragmentorum
759 930 907 1006 condicio,
946 934 985 991 ut
1023 934 1112 992 nulla

88 1021 220 1079 humana
252 1019 415 1096 sagacitas,
448 1037 509 1092 qua
535 1019 623 1078 illum
657 1019 773 1078 abrmde
802 1020 986 1081 instructum
1014 1023 1111 1082 fuisse

88 1109 212 1185 scimus,
243 1108 281 1167 ad
310 1127 415 1168 verum
442 1108 578 1168 ordinem
605 1108 716 1186 ubique
744 1108 966 1168 restituendum
997 1111 1110 1172 valeat.

87 1198 193 1274 Itaque
218 1196 286 1256 cum
311 1197 495 1273 prodiissent
513 1197 685 1275 Eggeriana
702 1198 882 1275 fragmenta,
905 1199 1111 1274 patefactum·

88 1306 146 1363 que
178 1290 258 1346 esset
290 1286 328 1345 ad
360 1286 490 1362 primam
522 1286 667 1346 orationis
700 1286 949 1347 Demosthenioae
987 1294 1110 1364 partem

88 1393 124 1435 ea
147 1375 248 1435 omnia
271 1376 422 1450 pertinere
449 1407 487 1416 -
513 1394 661 1452 quaeres
686 1376 747 1435 etsi
773 1395 834 1435 non
860 1376 960 1452 primo
985 1377 1110 1456 obtutu,

87 1466 192 1540 postea
214 1468 318 1524 tamen
339 1465 482 1542 apparuit
507 1497 556 1543 —‚
581 1464 711 1523 concidit
734 1465 838 1542 aliqua
860 1483 896 1523 ex
918 1467 1009 1541 parte
1035 1467 1110 1527 ordo

88 1552 291 1630 Sauppianus,
324 1573 495 1629 novumque
526 1553 558 1611 in
590 1553 725 1613 ordinem
758 1572 886 1630 eumque
919 1556 1041 1614 certum
1074 1575 1109 1616 aa

87 1643 259 1720 fragmenta
278 1662 355 1718 quae
374 1662 466 1719 prope
485 1642 667 1718 principium
687 1642 832 1702 orationis
850 1643 938 1702 fuera
957 1661 1109 1704 convene·

86 1734 166 1791 runt.
212 1730 257 1790 De
280 1731 405 1808 reliquis
429 1731 534 1790 eadem
556 1732 699 1791 manebat
722 1730 903 1808 obscuritas3
927 1751 1025 1808 qnare
1049 1735 1108 1793 etsi

86 1820 255 1880 necessario
288 1840 391 1880 eorum
422 1835 543 1896 'quoque
581 1820 653 1880 ordo
691 1821 766 1879 mihi
801 1820 995 1899 refingendus
1031 1830 1108 1901 erat,

86 1911 189 1968 tamen
211 1913 366 1985 praestare
389 1915 527 1984 poteram
556 1910 655 1968 multa
684 1928 731 1968 me
761 1928 902 1986 perverse
932 1910 1106 1971 collocasse.

86 1997 174 2056 Nunc
194 2001 303 2073 autem,
322 2017 390 2057 cum
409 2016 488 2057 nova
505 2017 611 2058 rursus
631 1998 767 2058 subsidia
786 1999 989 2076 accessissent,
1010 2020 1106 2060 unum
1148 2026 1150 2041 =

87 2086 209 2162 quidem
232 2106 268 2145 ex
290 2087 468 2165 fragmentis
491 2086 607 2146 mediae
634 2088 732 2163 partis
762 2107 816 2148 suo
839 2088 905 2147 loco
934 2079 985 2170 (ut
1014 2080 1105 2170 puto)
1148 2110 1150 2159 ξ

86 2176 192 2252 reponi
214 2175 328 2252 potuit,
353 2175 455 2234 ordine
479 2176 591 2235 iterum
608 2179 734 2236 mutato.
782 2176 841 2235 Sed
864 2180 900 2235 ut
923 2176 998 2250 dixi,
1030 2196 1103 2254 opus
1148 2170 1150 2231 ἔ

86 2268 134 2324 est
156 2266 287 2325 inuentis
314 2264 419 2324 multis
445 2264 512 2324 aliis
539 2265 742 2324 voluminibus
769 2265 900 2341 ficticiis,
928 2283 965 2324 ax
993 2268 1103 2342 quibus

86 2373 164 2414 nora
182 2356 352 2432 fragmenta
367 2353 539 2430 Hyperides
557 2354 715 2431 prodeant3
739 2355 783 2412 ita
797 2354 924 2413 fortasse
940 2355 1102 2432 aliquando

85 2444 224 2503 miseriae
248 2442 438 2520 lavabuntur,
462 2442 570 2518 quibus
594 2443 691 2502 adhuc
710 2442 786 2502 duae
809 2443 922 2518 primae
946 2445 1100 2505 orationes

86 2550 246 2607 oppressae
271 2536 350 2591 sunt.

12 2630 123 2671 melu-10·
227 2618 319 2695 §fia
352 2621 456 2680 Tertia
480 2625 582 2680 antem
605 2622 677 2679 haec
702 2619 793 2679 aditio
827 2639 886 2679 non
920 2620 951 2678 id
979 2625 1100 2681 tantum

86 2707 200 2785 proprii
218 2710 318 2788 habet,
342 2710 501 2787 quodiam
521 2729 573 2769 sex
592 2713 662 2768 sunt
676 2729 730 2784 pro
749 2711 894 2786 quattuor
913 2710 1099 2771 orationibus

86 2795 179 2877 (unde
199 2817 214 2856 e
234 2798 457 2874 deperditarum
474 2799 653 2876 fragmentis
672 2799 820 2876 quaedam
839 2798 986 2857 demenda
1005 2803 1099 2876 erant,

85 2886 262 2962 numerique
277 2888 385 2963 quibus
399 2888 516 2963 reliqua
530 2887 649 2965 signata
663 2890 750 2946 erant
763 2887 931 2947 necessario
942 2884 1099 2966 mutandi),

86 2975 138 3036 sed
161 2975 192 3034 id
221 2994 351 3054 quoque,
384 2977 464 3052 quod
493 2977 598 3036 multis
628 2976 822 3035 suadentibus
855 2976 1016 3037 obsecutus
1048 2979 1099 3037 has

86 3065 236 3124 orationes
258 3068 380 3141 praetor
403 3065 531 3140 primam
556 3066 740 3142 alteriusque
759 3068 850 3141 atque
869 3066 979 3125 tertiae
997 3071 1099 3144 partes

86 3173 145 3213 non
163 3153 223 3212 iam
243 3172 296 3229 per
315 3153 478 3214 versiculos
498 3174 548 3214 eos
572 3156 623 3232 qui
646 3157 677 3213 in
700 3154 773 3230 ipsis
797 3155 921 3230 papyris
945 3159 1025 3229 sunt,
1050 3155 1100 3216 sed

88 3243 252 3302 secundum
288 3261 376 3301 usum
409 3243 568 3320 vulgatum
600 3247 737 3303 nostrum
768 3244 851 3320 typis
888 3243 1099 3304 describendas

86 3332 196 3392 curavi.
243 3332 379 3391 Accessit
398 3331 489 3389 etiam
507 3332 632 3407 partitio
652 3336 794 3392 consueta
813 3331 908 3410 nobis,
932 3353 994 3409 qua
1012 3352 1100 3410 para·

85 3423 216 3497 graphos
254 3420 467 3498 distinguimus
504 3440 765 3497 numeramusque.
831 3422 966 3497 Denique
1006 3421 1099 3482 adieci

85 3510 213 3570 indicem
237 3510 411 3585 vorborum,
439 3528 528 3585 quem
556 3510 632 3568 mihi
661 3510 790 3570 confecit
820 3511 936 3571 iuvenis
966 3512 1099 3589 optimae
