2378 3944
75 151 101 204 X
480 146 685 202 PRAEFATIO

76 320 103 361 a.
133 301 217 361 1892
251 302 282 359 el
318 299 483 360 orationem
514 299 626 359 iterum
657 301 688 358 et
719 297 840 357 tabulas
876 297 1096 375 photolypicas

76 389 210 450 omnium
242 389 450 447 columnarum
482 391 513 446 et
544 388 789 465 fragmentorum.
838 384 896 444 Sed
928 405 998 445 cum
1033 386 1093 445 sibi

76 477 226 538 diffideret
248 478 296 538 vir
318 477 468 555 egregius,
491 477 522 534 in
546 477 655 536 studiis
674 474 896 554 Aegyptiarum
914 475 1094 536 litterarum

75 567 168 627 adid
197 569 317 643 tempus
349 566 446 644 magis
469 565 617 627 versatus
638 584 729 642 quam
753 563 948 641 Graecarum,
985 564 1093 623 ultimi

75 656 187 716 laboris
217 656 311 716 socios
342 655 400 714 sibi
430 674 495 714 esse
524 656 662 715 voluerat
692 657 723 713 et
752 671 800 711 me
830 656 861 712 et
884 653 1094 715 Hermannum

75 745 223 805 Dielsium
245 744 480 821 Berolinensem,
503 743 700 820 quiquidem
724 744 820 802 multo
838 743 928 819 plura
951 744 1093 818 contulit,

75 834 218 910 pauciora
241 851 310 910 ego,
341 853 410 893 cum
432 836 570 909 putarem
595 832 709 891 scilicet
731 851 790 891 non
813 850 901 908 posse
925 832 990 891 sine
1012 833 1090 892 ima-

75 923 145 999 gine
169 923 291 982 chartae
319 921 435 982 sollerti
464 924 528 981 arte
559 939 699 997 expressa
727 921 872 997 pleraque
902 924 984 980 recte
1015 922 1092 1004 satis

75 1010 227 1071 constitui.
268 1010 397 1071 Doctam
433 1013 592 1087 praeterea
627 1014 658 1070 et
694 1010 843 1087 insignem
878 1010 984 1069 statim
1021 1013 1093 1086 post

75 1100 207 1177 priorem
230 1099 395 1160 Revillouti
419 1099 581 1160 editionem
603 1099 674 1158 huic
698 1099 828 1158 orationi
851 1118 974 1175 operam
997 1118 1091 1161 nava-

74 1189 120 1249 vit
141 1188 233 1248 Henr.
253 1189 394 1265 Weilius3
421 1192 488 1247 tum
514 1188 611 1247 eidem
633 1187 836 1248 recensuimus
864 1187 916 1264 qui
939 1188 1091 1265 Philippi-

75 1279 174 1337 deam:
210 1276 430 1338 Herwerdenus
453 1277 580 1354 Kenyon
612 1296 676 1354 ego.
723 1277 801 1336 Sunt
831 1282 938 1353 postea
969 1276 1094 1354 singula

76 1366 189 1443 scripta
211 1384 264 1426 suo
287 1366 353 1426 loco
375 1366 545 1443 iudicanda3
567 1385 647 1425 nunc
671 1365 706 1425 de
729 1367 875 1442 quattuor
897 1366 1090 1426 voluminum

74 1455 209 1532 ipsorum
232 1456 329 1515 forma
350 1455 524 1531 rationeque
548 1455 636 1529 omni,
661 1455 751 1515 simul
774 1458 873 1514 astate
892 1455 992 1514 indole
1017 1474 1089 1515 auc-

74 1545 199 1604 toritate
223 1564 313 1620 quam
335 1543 511 1606 brevissime
533 1546 638 1620 potero
662 1544 824 1605 absolvam.

5 1625 109 1718 {criptis
215 1630 235 1709 ξ
259 1634 288 1694 5.
315 1632 421 1709 Itaque
444 1634 585 1694 volumen
607 1632 683 1692 illud
706 1632 786 1708 quod
808 1633 847 1691 ab
870 1631 1007 1692 Harrisio
1026 1632 1088 1692 Ar-

24 1690 110 1774 affirma
128 1721 275 1797 denioque
301 1721 458 1783 inventum
486 1725 546 1794 est,
572 1721 711 1798 quodque
735 1723 763 1780 A
781 1721 885 1781 litters
912 1721 1089 1799 designabo,

74 1811 210 1871 chartam
232 1811 366 1870 melioris
388 1814 478 1871 notae
496 1810 589 1870 habet
607 1812 785 1886 omninoque
804 1829 874 1870 curn
896 1810 998 1886 aliqua
1016 1830 1093 1871 cura

75 1919 170 1976 neque
193 1900 380 1976 ineleganter
401 1900 570 1959 confectum
598 1903 652 1958 est.
697 1899 803 1976 Margo
830 1899 909 1958 infra
939 1918 1092 1976 supraque

75 1993 107 2048 et
129 1989 261 2065 spatium
284 1989 471 2048 commodum
489 1989 568 2047 inter
586 1988 672 2048 binas
692 1989 858 2065 columnas3
881 2005 987 2049 versus
1006 1990 1090 2048 recte

75 2078 250 2152 decurrunt;
285 2078 442 2137 columnae
478 2095 554 2153 quas
591 2076 718 2137 dicimus
746 2108 788 2120 -
815 2078 944 2155 paginae
977 2078 1094 2137 rectius

74 2169 221 2227 vocentur
244 2165 498 2244 -longitudine
525 2167 605 2226 inter
633 2185 664 2225 se
693 2167 766 2226 satis
794 2165 976 2242 aequabiles.
1022 2167 1088 2225 Nu-

75 2274 175 2315 merus
201 2274 343 2317 versuum
366 2256 398 2314 in
425 2254 552 2333 singulis
579 2255 727 2314 columnis
754 2256 798 2314 ita
825 2255 938 2330 variat,
971 2257 1007 2314 ut
1038 2274 1092 2314 ne-

74 2364 131 2420 que
154 2345 223 2421 plus
245 2344 374 2422 triginta
392 2343 453 2404 sint
470 2363 566 2421 neque
585 2344 685 2404 minus
703 2344 813 2420 viginti
832 2348 962 2421 septem;
980 2362 1088 2404 versus

75 2433 135 2509 ipsi
157 2433 276 2494 litteras
294 2433 450 2494 continent
466 2451 615 2510 nusquam
632 2432 696 2493 fere
714 2434 784 2509 plus
802 2432 916 2510 XVIII,
938 2450 1092 2508 nusquam

75 2521 176 2581 minus
198 2523 280 2582 ΧΙΠ.
318 2522 452 2582 Litterae
476 2540 578 2582 omnes
601 2541 696 2599 paene
720 2522 824 2581 eadem
843 2525 914 2582 sunt
937 2522 1090 2600 magnitu-

75 2610 154 2687 dine,
171 2611 231 2670 nisi
249 2611 330 2688 quod
349 2609 378 2673 Φ
397 2614 429 2671 et
446 2608 477 2672 Ψ
494 2614 525 2671 et
547 2629 667 2671 sursum
686 2614 718 2671 et
736 2611 877 2670 deorsum
899 2629 1005 2671 versus
1019 2629 1088 2687 pro·

75 2699 227 2759 ducuntur
252 2719 308 2760 nec
329 2719 391 2760 non
414 2697 438 2760 Β
462 2700 652 2777 aliquantum
681 2700 839 2777 prominet.
884 2699 1001 2759 Ductus
1029 2718 1092 2758 nou

74 2789 119 2848 ita
136 2789 274 2867 pingues,
293 2789 368 2850 satis
386 2790 553 2869 elegantem
576 2789 697 2849 litterae
715 2789 846 2848 maiores
864 2807 955 2866 quam
973 2789 1005 2847 in
1022 2788 1088 2848 ullo

75 2878 134 2936 alio
153 2877 316 2954 Hyperidis
335 2878 422 2940 libro.
464 2874 486 2939 C
505 2882 536 2938 et
555 2875 577 2939 Ε
594 2879 755 2939 rotundam
773 2878 901 2938 formam
918 2877 1040 2953 habent,
1061 2881 1093 2936 et

74 2966 166 3026 huius
176 2967 276 3026 media
289 2967 401 3027 lineola
415 2986 548 3027 summae
563 2986 654 3045 quam
667 2967 796 3027 maxime
811 2967 931 3026 admota
950 2967 1090 3026 coniunc-

74 3058 180 3132 taque,
200 3053 232 3116 Μ
248 3075 366 3133 quoque
380 3056 606 3117 rotundioribus
620 3056 761 3116 ductibus
775 3059 946 3131 exaratum,
960 3073 1052 3132 porro
1064 3050 1090 3114 Ω

75 3143 181 3203 eadem
198 3145 297 3205 forma
314 3145 460 3220 bipertita
477 3148 524 3205 est
542 3164 603 3223 qua
620 3145 654 3204 in
670 3149 775 3205 nostra
793 3144 942 3222 scriptura
959 3144 1090 3222 vulgari.

75 3232 176 3310 Atque
190 3234 264 3294 baec
282 3234 404 3312 quidem
418 3253 479 3294 non
497 3237 561 3294 tam
574 3234 665 3293 huius
679 3235 841 3294 voluminis
860 3234 984 3310 propria
998 3251 1088 3310 quam

75 3321 208 3382 omnium
240 3323 409 3384 communia
441 3326 524 3399 sunt,
560 3322 665 3398 paucis
697 3323 915 3400 antiquissimis
947 3322 1089 3397 exceptis.

74 3411 111 3471 In
129 3412 239 3472 litteris
259 3409 284 3474 Λ
303 3416 335 3472 et
352 3410 384 3473 Δ
402 3415 571 3489 postremus
596 3412 705 3473 duetus
724 3413 913 3490 aliquantum
930 3411 1091 3488 prominet,

73 3501 247 3579 pariterque
280 3502 312 3560 in
339 3498 379 3581 Α,
415 3502 467 3561 ubi
499 3501 593 3562 ceteri
624 3501 733 3562 ductus
764 3501 798 3562 in
828 3500 957 3560 formam
989 3500 1091 3577 laquei
