2378 3944
111 112 186 166 XLII
466 109 554 165 VITA
573 109 770 165 HYPERIDIS
786 129 792 157 ι

112 260 289 338 φιςμένοις·
317 258 369 322 καὶ
392 257 562 337 ςυμβαλὼν
585 257 785 335 Δημοςθένει
807 256 860 320 καὶ
882 258 958 336 περὶ
981 263 1042 338 τῆς
1065 263 1125 324 δια-

111 352 216 427 φορᾶς
235 346 529 427 ἀπολογηςάμενος,
552 344 750 422 ἀπαλλαγεὶς
769 346 902 425 ἐκεῖθεν,
921 344 983 411 ὑπ’
1003 346 1124 427 Ἀρχίου
1177 366 1184 428 γ’,

110 442 168 501 τοθ
192 439 426 516 Φυγαδοθήρου
450 436 689 514 ἐπικληθέντος,
714 435 854 513 Θουρίου
878 437 937 512 μὲν
962 437 1122 515 τὸγένος,
1176 476 1187 519 3

109 526 283 604 ὑποκριτοῦ
311 527 346 589 δέ
370 526 411 589 τὰ
433 528 558 603 πρῶτα,
586 523 661 588 τότε
690 526 725 587 δὲ
754 528 801 608 τῷ
824 521 1027 609 Ἀντιπάτρῳ
1057 532 1122 607 βοη-

110 620 254 693 θοθντος,
278 615 403 693 ἐλήφθη
427 614 507 692 πρὸς
529 613 599 693 βίαν
617 614 654 677 ἐν
673 618 720 696 τῷ
738 611 815 697 ἱερῷ
833 617 893 677 τοῦ
911 615 1121 694 Ποςειδιῖινος,

109 704 264 783 ἐχόμενος
287 707 345 767 τοθ
369 701 566 782 ἀγάλματος·
596 703 647 766 καὶ
675 700 782 780 ἀχθεὶς
810 702 892 781 πρὸς
915 699 1120 783 Ἀντίπατρον

109 793 154 857 είς
180 793 342 871 Κόρινθον,
366 791 478 856 ἔπειτα
503 791 756 871 βαςανιῑόμενος,
780 793 917 869 διέφαγε
940 795 1003 872 τήν
1025 796 1118 869 γλῶτ-
1168 834 1184 861 ,ε

109 902 183 960 ταν,
213 881 293 945 ὥςτε
322 883 422 961 μηδὲν
445 881 583 945 ἐξειπεῖν
605 884 672 944 τῶν
695 885 752 958 τῆς
776 879 905 944 πόλεως
932 879 1118 961 ἀπορρήτων
1166 922 1170 961 3

109 975 298 1049 δυνηθῆναι·
327 971 379 1034 καῖ
402 969 506 1034 οὕτως
530 969 728 1048 ἐτελεύτηςε,
758 970 1001 1047 Πυανεψιῶνος
1030 970 1116 1055 ἐνάτη
1164 1012 1176 1054 η

57 1080 89 1129 12
108 1059 285 1137 ἱςταμένου.
331 1059 509 1137 Ἕρμιππος
532 1060 568 1123 δέ
588 1078 684 1136 φηςιν
703 1057 803 1123 αὐτόν
821 1060 1116 1140 γλωττοτομηθῆναι

108 1147 153 1212 είς
173 1148 378 1213 Μακεδονίαν
401 1146 539 1212 ἐλθόντα
562 1148 614 1211 καὶ
637 1147 769 1226 ῥιφῆναι
793 1145 931 1226 ἄταφον,
951 1146 1115 1229 Ἀλφίνουν

108 1239 157 1315 δὲ,
186 1236 323 1316 ἀνεψιὸν
347 1235 427 1301 ὄντα
458 1236 559 1320 αὐτῷ,
589 1235 621 1317 [ἢ
650 1235 695 1299 ὥς
722 1256 806 1300 τινες
835 1237 1042 1304 Γλαύκιππον
1067 1239 1115 1303 τὸν
1159 1277 1170 1322 3

107 1326 192 1409 υἱὸν]
224 1327 276 1390 διὰ
304 1325 518 1391 Φιλοπείθους
544 1326 632 1388 τινὸς
662 1325 774 1404 ἰατροῦ
805 1324 949 1404 λαβόντα
981 1326 1114 1393 ἐξουςίαι
1164 1350 1167 1361 ’

106 1420 166 1479 τοῦ
197 1416 342 1495 ςιίιματος
371 1420 482 1479 καθςαι
514 1413 627 1492 αὐτόν,
660 1414 711 1477 καὶ
743 1413 783 1476 τὰ
815 1413 893 1478 ὀςτᾶ
925 1416 1052 1495 κομίςαι
1078 1415 1113 1481 είς
1156 1435 1177 1496 γ,

106 1501 241 1584 Ἀθήνας
263 1509 332 1568 τοῖς
355 1505 555 1582 προςήκουςι,
579 1503 667 1581 παρὰ
690 1503 730 1566 τὰ
748 1500 926 1582 Ἀθηναίων
944 1506 999 1569 καὶ
1018 1507 1112 1571 Μακε·
1166 1496 1177 1517 “

107 1593 215 1658 δόνων
239 1592 396 1671 δόγματα·
420 1592 460 1656 οὐ
484 1591 585 1671 μόνον
608 1592 669 1669 γὰρ
694 1595 838 1657 κελειῖςαι
859 1592 979 1657 αὐτοὺς
998 1597 1112 1674 φυγεῖν,
1154 1642 1158 1649 .

55 1703 86 1750 13
106 1681 189 1747 ἀλλὰ
218 1680 288 1760 μηδ’
316 1683 352 1746 έν
379 1687 418 1766 τῇ
449 1680 549 1764 οἰκείᾳ
580 1685 731 1759 ταφήναι.
778 1680 810 1744 οἱ
838 1679 869 1744 δ’
894 1682 931 1746 ἐν
962 1683 1112 1749 Κλεωναῖς
1152 1677 1189 1751 ,“

105 1926 201 1964 ςαντες
224 1911 379 1977 ὑπεξῆλθον
405 1910 436 1962 ἐκ
460 1913 511 1976 τῆς
533 1910 655 1968 πόλεως.
678 1909 694 1962 ό
718 1909 749 1962 δέ
773 1911 860 1974 δῆμος
882 1908 981 1965 αὐτῶν
1002 1911 1114 1967 θάνατον
1151 1872 1172 1985 Γ,

105 1982 240 2050 κατέγνω,
260 1982 397 2048 Δημάδου
416 1982 587 2048 γράψαντος.
620 1978 693 2033 adde
713 1976 821 2033 ληίου.
841 1994 886 2049 ap.
901 1978 986 2034 Phoa
1001 1980 1114 2039 Bibiai
1151 1995 1172 2054 a,

104 2070 131 2120 p.
147 2057 179 2106 69
190 2052 218 2106 b.
245 2050 343 2106 viix
363 2068 401 2105 or.
416 2050 495 2105 Dem.
510 2049 604 2105 θέθΕ,
623 2050 695 2120 Nep.
710 2049 794 2105 Phoe.
810 2055 835 2107 2.
854 2081 889 2090 -
909 2050 945 2104 de
964 2050 1115 2109 Archiam
1152 2069 1184 2127 ιἶ

103 2121 178 2177 Ρίυό.
197 2122 277 2177 Dem.
297 2121 407 2178 Arrian.
426 2121 456 2176 ll.
476 2141 500 2177 e.
516 2153 552 2162 —
570 2127 622 2176 τοῦ
641 2126 707 2177 anie
727 2123 826 2188 ἀγόλμ.
845 2138 909 2175 eum
926 2121 1034 2179 Ρίιοίιίο
1052 2122 1116 2196 (eod.
1153 2138 1189 2195 ί,

104 2197 167 2263 266)
187 2194 293 2248 addidi.
312 2225 347 2234 -
366 2193 493 2263 Aeginae
516 2192 547 2246 in
569 2192 679 2248 Aeaeeo
702 2191 749 2246 vel
771 2192 941 2248 Hermionae
964 2192 1000 2249 in
1018 2194 1117 2253 Ceteri·
1155 2208 1176 2263 ν,

103 2268 210 2336 templo
220 2264 393 2335 Hyperidem
402 2264 635 2334 comprehensum
645 2281 705 2319 esse
716 2262 767 2317 dii
777 2263 908 2331 tradunt3
923 2265 1118 2325 Demostheni·

103 2353 147 2390 res
170 2335 293 2391 vitarum
316 2342 415 2391 auctor
438 2335 592 2390 admiscere
616 2335 735 2390 videtur.
773 2335 1019 2394 plurumae:
1042 2341 1120 2395 οὗτος
1164 2352 1177 2401 ἑ,

103 2409 154 2463 οὖν
178 2412 193 2463 ὁ
214 2409 323 2477 Ἀρχίας
342 2410 403 2462 Ὑπ.
428 2410 477 2475 μὲν
497 2410 594 2461 -καί
614 2408 798 2474 Ἀριςτόνικον
817 2438 852 2447 -
871 2410 971 2461 καί-
993 2412 1120 2480 Ἱμεραῖον
1175 2424 1181 2456 ,·

103 2479 133 2532 ἐν
148 2480 243 2548 Αἰγίνῃ
264 2482 480 2547 καταφυγόντας
498 2481 542 2533 ἐπί
560 2480 594 2532 τὸ
609 2478 735 2533 Αἰάκειον
755 2479 921 2545 ἀποςπάςας,
940 2480 1070 2550 ἐπεμψεν
1086 2482 1120 2539 dt
1188 2517 1189 2520 =

104 2550 229 2605 Κλεωνὰς
251 2553 322 2617 πρὸς
345 2551 541 2617 Ἀντίπατρον·
567 2550 643 2604 κάκεῖ
669 2551 864 2618 διεφθάρηςαν.
903 2551 971 2605 Ὑπε
992 2553 1072 2611 είδου
1094 2554 1121 2611 δὲ
1182 2610 1185 2621 ,

102 2623 148 2674 καί
166 2625 219 2688 τήν
237 2626 367 2687 γλῶτταν
386 2623 555 2689 ἐκτμηθῆναι
578 2625 685 2676 ζῶντος
703 2621 768 2688 (hoe
787 2620 851 2674 add.
871 2619 933 2675 cod.
997 2622 1120 2695 Gradxii)
1176 2648 1185 2683 ε

102 2693 217 2756 λέγουει.
246 2692 281 2746 ef.
296 2692 381 2747 Phoe.
397 2698 442 2747 29:
469 2695 537 2747 ό-
558 2693 719 2760 Ὑπερείδου
743 2693 813 2760 πρὸς
832 2694 969 2748 Κλεωναῖς
992 2697 1120 2753 θάνατος.
1181 2710 1186 2717 ’

103 2762 180 2817 Suid.
197 2765 256 2817 Ὑπ.
275 2770 302 2817 1:
327 2765 449 2834 ἀνῃρέθη
470 2765 501 2817 δέ
524 2766 569 2817 καί
589 2765 674 2818 αὐτὸς
696 2765 751 2817 ὑπὸ
772 2764 955 2830 Ἀντιπάτρου
979 2772 1036 2823 τοί)
1056 2772 1122 2836 βοα·
1185 2780 1189 2792 “

102 2835 183 2900 λέως,
208 2835 394 2899 ἐξαγαγόντος
418 2836 505 2889 αὐτὸν
527 2840 579 2888 ποθ
604 2836 634 2888 ἐν
654 2836 780 2904 Ἐρμιόνη
800 2840 870 2889 ναοθ
888 2839 940 2902 τῆς
957 2836 1121 2909 Δήμητρος,

102 2907 143 2960 δι’
162 2906 272 2972 Ἀρχίου
295 2911 347 2959 τοθ
371 2907 567 2973 ἐπικληθέντος
585 2907 788 2975 Φυγαδοθήρα,
812 2908 856 2960 καὶ
875 2907 1052 2975 ἀποτμηθείς
1070 2912 1121 2979 τήν

100 2980 230 3041 γλιῖιτταν
249 2978 395 3031 ἀπέθανεν.
427 2978 443 3031 ό
463 2980 494 3032 δέ
512 2977 572 3031 υἱὸς
590 2980 678 3032 αὐτοῦ
698 2979 715 3031 Γ
715 2980 868 3032 λαθκιππος
885 2978 921 3030 τά
940 2978 1013 3035 όςτίῖ
1029 2982 1120 3050 λαβὼν

102 3048 139 3102 εἰς
156 3049 191 3101 τὸ
210 3054 343 3117 πατρῷον
357 3050 445 3114 ἔθαψε
465 3053 566 3116 μνῆμα.
594 3047 735 3116 Linguam
748 3046 887 3117 Hyperidi
901 3051 1049 3105 exsectam
1062 3066 1120 3107 οιιο
1172 3070 1186 3119 -':

102 3117 189 3172 etiam
211 3118 326 3173 Lucian.
347 3135 407 3173 ene.
426 3118 504 3173 Dem.
519 3125 552 3173 31
576 3119 674 3173 tradit.
694 3150 728 3160 -
752 3125 767 3185 θ
787 3126 828 3173 12.
853 3122 969 3188 ῥιφῆναι
994 3122 1118 3195 ἄταφον]

101 3193 200 3244 auctor
213 3189 267 3244 ine.
283 3206 328 3260 ap.
344 3188 420 3244 Suid.
436 3207 458 3245 ο.
472 3209 499 3244 v.
513 3192 674 3259 ὑπερόριονι
695 3193 746 3259 ,τό
766 3196 843 3257 ςιῖυμα
856 3196 907 3245 τοθ
924 3192 986 3247 Ὑπ.
1003 3196 1118 3265 ἔρριψαν
1162 3214 1185 3265 ᾗ.

101 3263 240 3329 Ἀθηναῖοι
259 3263 436 3329 ὑπερόριον.“
463 3264 508 3314 καί
528 3263 617 3316 αιῖθιςε
638 3265 701 3330 ,καὶ
720 3263 862 3317 ἀναπείθει
879 3263 947 3316 τοὺς
966 3264 1026 3322 Ἀθ.
1040 3267 1117 3335 άπερ-
1168 3316 1172 3325 ,

100 3336 178 3400 όριον
203 3334 237 3386 τδ
263 3337 340 3399 ςῶμα
365 3337 417 3386 τοθ
443 3333 564 3400 ῥήτορος
586 3336 646 3389 Ὑπ.
673 3336 776 3401 ρῖψαιίί.
801 3364 835 3374 -
859 3336 876 3388 Γ
876 3334 1037 3393 λαυκίππου
1062 3342 1116 3393 ‘uin
1165 3400 1172 3407 ,

99 3405 168 3459 υίων
188 3403 249 3458 cod.
265 3402 296 3473 Ε,
316 3404 488 3458 Γλαυκίππου
503 3406 579 3459 τινὸς
591 3406 643 3460 τὸν
657 3405 719 3458 υίόν
738 3421 773 3471 τ.,
793 3405 967 3460 Γλαυκίππου
986 3408 1052 3464 υίοθ
1069 3408 1117 3465 τόν
1165 3430 1177 3477 ·².

99 3477 160 3530 υίόν
178 3475 419 3530 Weeiermannue.
439 3473 664 3533 ef,Suidam.-·
681 3481 753 3541 513.
773 3476 803 3530 ἐν
824 3476 973 3549 Κλεωναῖς]
993 3478 1030 3537 ef.
1046 3478 1115 3535 Piri
