2378 3944
431 156 704 211 ΑΠΟΕΠΑΕΜΑΤΙΑ
1030 154 1072 220 97

149 300 200 367 15.
220 296 461 384 Ἀπροστασίου
485 300 571 365 είδοε
595 301 682 379 δίκηε
705 303 785 365 κατὰ
803 306 869 367 τῶν
892 302 1073 380 προετάτην
1089 324 1115 362 ιο

55 395 99 472 μὴ
127 390 294 470 νεμόντων
318 390 473 468 μετοίκων
501 426 538 435 -
563 427 600 436 -
621 390 672 456 Ὑ.
696 391 732 456 ἐν
755 396 801 475 τῷ
824 389 896 455 κατ’
914 390 975 469 Ἀρ.
1001 389 1074 470 ἀπρ.

56 480 93 562 β’.
115 517 162 526 -
185 478 343 563 Ηαιροατ.

152 568 201 632 16.
228 604 266 613 -
292 604 334 613 -
359 567 552 646 Ὑπερείδῃ(
575 566 605 631 δ’
627 568 663 631 ἐν
687 573 733 652 τῷ
756 566 828 633 κατ’
852 566 1075 647 Ἀριεταγόραε
1089 591 1117 630 ιο

56 657 275 737 ἀπροεταείου
301 652 331 736 β’
355 658 450 735 φητὶν
482 656 527 720 ὼε
550 657 591 725 ,οἱ
623 657 717 736 νόμοι
749 658 911 722 κελεύουει
944 662 1075 737 διαμαρ-

57 752 169 826 τυρεῖν
206 746 259 809 ἐπὶ
295 750 365 809 ταῑε
401 751 543 824 γραφαί(
580 750 650 810 ταῖε
682 751 740 810 τοῦ
773 746 985 826 ἀπροεταείου
1017 748 1076 811 τὸν

58 835 261 917 βουλόμενον
285 833 403 912 ὁμοίω(
431 839 497 898 τῶν
524 837 627 901 ξένων
650 836 701 899 καὶ
724 839 790 899 τῶν
818 836 1009 915 ἐπιχωρίων.
1035 872 1073 881 -

60 924 163 1008 Harp.
183 945 208 987 s.
226 947 256 987 v.
271 923 487 1002 διαμαρτυρία.

152 1013 202 1077 17.
225 1012 331 1077 Τίνων
355 1010 383 1075 δ’
406 1011 466 1076 οὐκ
493 1013 567 1092 ἐξῆν
597 1018 666 1077 τοῑ(
693 1013 802 1078 νόθοι(
834 1017 992 1096 μετέχειν,
1025 1018 1076 1078 δε·
1091 1037 1116 1074 τι

58 1105 207 1182 δήλωκεν
239 1101 315 1165 Ὑπ.
338 1121 373 1165 τε
406 1101 443 1164 ἐν
474 1106 520 1185 τῷ
553 1101 626 1166 κατ’
653 1101 716 1180 Ἀρ.
742 1104 776 1182 β’.
800 1138 845 1149 -
872 1103 976 1186 Harp.
1001 1125 1028 1179 τ.
1048 1126 1077 1167 v.

59 1195 182 1255 νοθεῑα.

155 1279 205 1343 18.
239 1275 398 1361 Πωληταὶ
429 1278 481 1342 καὶ
513 1281 726 1357 πωλητήριον.
779 1280 810 1344 οἱ
842 1282 899 1357 μὲν
932 1281 1118 1359 πωληταὶνν

59 1367 162 1519 οἰρχίρ1
178 1367 224 1430 τίε
256 1369 340 1433 ἑετιν
373 1366 517 1446 Ἀθήνητι
543 1403 582 1414 -
607 1367 683 1432 Ὑπ.
718 1369 755 1432 ἐν
784 1374 831 1452 τῷ
858 1366 930 1433 κατ’
954 1367 1015 1448 Ἀρ.
1043 1365 1078 1449 β’.

63 1493 102 1502 -
164 1478 230 1539 arp

156 1545 205 1610 19.
231 1544 413 1627 Φαλάγγια
458 1544 571 1608 ἨΥπ
559 1567 595 1610 εν
618 1550 664 1628 τῷ
693 1544 767 1610 κατ’
785 1543 849 1623 Αρ.
874 1541 910 1625 β’,
934 1545 984 1610 ὅτι
1012 1551 1077 1610 τῶν
1093 1570 1119 1609 νο

60 1637 209 1698 δακετῶν
233 1655 262 1696 τι
285 1634 370 1718 ζῷόν
394 1635 458 1697 ἑετι
481 1635 518 1698 τό
543 1634 802 1713 φαλάγγιον-
827 1633 927 1719 Harp

153 1722 205 1787 20.
224 1719 315 1787 Ἐπεὶ
338 1719 435 1786 καὶὸ
464 1731 521 1805 τῆς
550 1720 748 1806 όωροξτνίας
776 1724 879 1806 νόμος
907 1722 1079 1807 ἁρμόττων
1093 1747 1121 1786 νο

61 1808 135 1876 ἐστὶ
167 1819 212 1897 τῷ
246 1819 310 1874 νῦν
343 1810 448 1893 ἀγῶνι
479 1817 707 1895 παραχθῆναι·
743 1813 775 1876 εἰ
808 1813 872 1896 γάρ
910 1812 964 1876 καὶ
1001 1815 1080 1888 τοὺς

61 1900 301 1983 ἀποφυγόντας
334 1899 442 1977 ξενίας
478 1905 610 1984 εἴρηκεν
646 1899 767 1979 ἐξεῖναι
802 1909 848 1988 τῷ
885 1900 1079 2011 βουλομένῳ

58 1989 166 2053 πάλιν
188 1989 398 2072 γράψασθαι,
431 1987 489 2054 ἐὰν
513 1989 558 2072 μὴ
583 1991 706 2054 δοκῶσι
729 1990 864 2066 δικαίως
886 1992 924 2054 τὸ
934 2001 1081 2099 πρῶτον

61 2077 351 2161 ἀποπεφευγέναι,
382 2089 452 2153 πῶς
483 2078 525 2143 οὐ
557 2080 707 2162 φανερόν
739 2078 809 2143 ἐστι
840 2077 911 2143 κατ’
934 2073 1080 2162 Ἀριστα-

62 2168 169 2251 γόρας
200 2168 237 2231 τὸ
266 2167 412 2245 όίιιαιον;
436 2203 478 2212 -
501 2165 603 2251 Ηειρ.
627 2189 651 2230 s.
674 2190 703 2231 v.
728 2167 904 2247 δωροξενία
928 2168 1055 2249 (ἫΥπ
1043 2190 1079 2233 εν

59 2261 110 2340 τῷ
134 2253 207 2319 κατ’
230 2253 407 2336 Ἀριεταγ.).

156 2345 208 2408 21.
227 2341 327 2408 Ὥστε
353 2341 548 2409 κελευστέον
574 2346 653 2421 τοὺς
676 2353 928 2458 μαρτυροῦντας
950 2346 990 2408 τὰ
1012 2367 1080 2408 τοι·
1094 2367 1121 2407 νο

60 2442 150 2498 αῦτα
172 2430 227 2496 καί
249 2435 328 2508 τοὺς
351 2432 598 2544 παρεχομένους
617 2429 689 2519 (μὴ)
709 2434 817 2518 μάτην
836 2433 966 2498 ἀπατᾶν
983 2433 1080 2516 ὑμᾶς,

65 2517 156 2607 (ἀλλ’
185 2521 423 2587 ἀποδεικνύναι
447 2521 511 2607 ότι)
530 2525 735 2605 τυγχάνουσι
758 2523 947 2606 δικαιότερα
966 2520 1082 2604 λέγον-

61 2629 134 2687 τες
163 2607 217 2674 καί
240 2612 347 2694 νόμον
369 2611 450 2694 ὑμῖν
473 2610 671 2715 ἀναγκάζετε
695 2610 915 2696 παρέχεσθαι,
943 2612 1003 2675 τὸν
1030 2635 1082 2677 νε-

140 2807 173 2855 15
201 2804 369 2870 ἀρτεταγόρα
396 2801 426 2870 F,
459 2804 642 2871 ἀριεταγόρου
670 2803 718 2857 ΑΒ
746 2804 809 2858 Ald.
843 2835 876 2844 -
910 2809 944 2859 16
976 2805 1083 2872 ἀριττα-

60 2877 154 2942 γὸρου
172 2873 235 2926 ΑΒ1
253 2872 331 2940 Δία,
354 2876 535 2941 ἀριττογόνου
554 2873 589 2929 N.
609 2905 642 2914 -
666 2876 831 2929 ἀποεταείου
851 2874 881 2928 B.
901 2906 936 2915 —
960 2878 1082 2944 δευτέρῳ

61 2944 145 3011 Ald.,
172 2947 305 3012 δευτέρου
328 2945 353 3012 Ι,
382 2962 435 2998 om.
455 2945 539 3000 ΑΒΝ.
564 2976 597 2984 -
622 2950 655 2999 17
684 2947 867 3014 ἀριτταγόρου
891 2945 937 3012 PQ
960 2947 1024 3000 Ald.
1046 2978 1084 2987 -

64 3023 100 3071 18
125 3014 180 3069 huo
202 3016 315 3069 rettulit
338 3017 364 3070 S.
389 3015 493 3070 Suidae
515 3019 544 3069 et
561 3015 656 3069 Photii
678 3019 814 3085 glossam:
837 3020 1028 3086 πωλητήριον·
1048 3020 1082 3072 τὸ

61 3089 229 3155 πρατήριον.
264 3089 355 3141 οὕτω(
384 3088 542 3156 Ὑπερίδηε,
570 3089 668 3140 eontra
693 3087 836 3168 Kiessling
864 3087 900 3141 ad
928 3090 1083 3143 orationem

62 3158 132 3212 adv.
148 3157 373 3226 Αροίίαθιαυ-
398 3164 432 3212 19
456 3158 527 3212 bene
551 3157 724 3226 comparavit
747 3161 774 3214 S.
792 3159 862 3214 Xen.
883 3176 982 3240 τουτου.
1007 3160 1082 3213 Soet

64 3235 138 3296 1,3,
159 3234 205 3296 12,
227 3246 309 3297 quem
332 3228 425 3282 locum
448 3227 536 3283 etiam
558 3230 643 3297 Ηαιρ.
667 3229 816 3285 affert.-
840 3229 906 3284 20
897 3248 928 3284 m
950 3231 1083 3284 lemmate

63 3270 251 3368 ἀριεταγόρου
288 3300 424 3370 plerique.
470 3300 537 3371 ἑετί]
576 3301 620 3354 ἐπί
652 3303 878 3358 1.-ξενίαε
909 3319 963 3356 om.
992 3301 1020 3356 Ο.
1050 3331 1083 3340 -

62 3372 191 3442 εἴρηκεν]
211 3374 303 3426 ἕνεκεν
324 3371 426 3425 BO.—
440 3372 552 3426 δικαίως
570 3388 624 3426 om.
644 3370 723 3426 C.—
742 3377 775 3426 21
794 3373 850 3427 huc
868 3373 979 3426 rettulit
996 3369 1085 3426 Meier

62 3443 115 3510 (de
136 3441 218 3495 bonis
237 3442 329 3496 damn.
344 3460 371 3511 p
386 3447 440 3506 40).
467 3460 600 3510 παρεχομ
621 3443 804 3499 εοί1.αίιτοὺε
832 3441 978 3497 Excidisse
998 3456 1098 3511 ομνια·

64 3514 136 3567 dam
158 3515 243 3581 putat
260 3513 452 3568 Wilamowitz
475 3516 570 3584 Herm.
589 3511 680 3583 XXII,
700 3520 751 3569 229
776 3515 864 3583 (velut
886 3517 956 3568 πολὺ
980 3518 1086 3581 πλῆθοε

121 3614 274 3663 Hmmnns,
289 3614 324 3654 ed.
333 3613 408 3655 Blass.
856 3608 871 3655 ’ί
