2392 3960
433 198 705 253 ΑΠΟΕΠΑΕΜΑΤΙΑ
1012 195 1074 261 121

59 346 150 409 attic.
169 343 207 408 B.
226 343 265 406 A.
285 343 335 423 78,
356 344 407 408 18.
429 381 466 390 -
487 344 562 408 Ὑπ.
583 346 619 407 δὲ
643 347 695 409 καὶ
718 344 822 424 ὄνομα
842 343 985 423 έποίηεε·
1008 354 1076 407 τῶν

57 435 171 498 τόπων
193 433 256 516 τήν
279 431 461 514 ἀλιμενίαν.
508 432 591 496 Poll.
609 432 634 514 I,
659 434 734 498 101.

150 522 224 586 151.
251 520 388 604 ῥόθιον·
433 522 509 585 Ὑπ.
539 523 576 586 ἐν
604 528 650 606 τῷ
679 525 752 602 περὶ
779 527 837 587 τοῦ
864 525 946 587 Πολ.
971 541 1076 599 (τρατ.
1091 541 1132 580 184

61 611 166 694 Harp.
195 647 240 657 —
269 610 345 674 Ὑπ.
368 616 416 693 τῷ
449 610 547 694 ῥοθίῳ
577 609 635 675 ἐπ’
664 611 797 690 εἰρειίοι(
827 613 975 691 κέχρηται
1006 630 1077 673 (υν-

60 699 253 778 τονωτάτηε.
287 700 363 778 φηεὶ
385 704 483 775 γοῦν·
515 702 552 764 τὸ
584 695 646 783 μὲν
679 695 742 765 οὖν
771 711 839 764 τῶν
867 699 1078 764 ἐλαυνόντων

62 794 195 873 πλῆθος
225 784 280 852 καὶ
311 789 372 852 τὸν
403 796 465 853 τοῦ
495 788 620 871 ῥοθίου
650 791 764 874 ψόφον
793 787 908 853 καὶτὸ
936 786 1078 870 μέγεθος

60 887 122 943 τοῦ
147 877 297 961 σκάφους
320 875 581 960 ἐκπεπληγμένοι
605 878 724 955 δεινῶς
745 873 841 961 ἦσαν.
887 875 976 942 Suid.
998 879 1033 960 2,
1056 878 1077 940 2

59 990 90 1051 p.
113 967 189 1033 622.

273 1071 422 1136 XLVIII.
452 1074 561 1138 ΠΡΟ(
584 1074 872 1139 ΠΟΛΥΕΥΚΤΟΝ.
1055 1090 1133 1133 xm

153 1197 227 1261 158.
250 1196 480 1278 Κυδαντίδης·
507 1197 584 1261 Ὑπ.
608 1199 645 1262 ἐν
672 1204 719 1282 τῷ
747 1201 828 1278 πρὸ(
850 1201 949 1263 Πολ·
977 1199 1076 1278 δήμόε
1092 1215 1132 1256 ιω

60 1289 125 1352 ἐετι
148 1292 204 1365 τῆ(
228 1285 363 1370 Αἰγῇδο(
388 1286 581 1349 Κυδαντίδαι.
632 1285 789 1370 Harpocr.

152 1375 227 1439 159.
256 1375 332 1438 Ὑπ.
356 1373 386 1438 δ’
412 1376 449 1439 ἐν
478 1380 525 1458 τῷ
555 1377 637 1454 πρὸ(
663 1378 745 1440 Πολ.
774 1394 888 1455 φηςιν·
919 1373 984 1440 είσλ
1013 1377 1077 1459 γὰρ
1092 1395 1133 1435 ιω

60 1464 99 1530 ἐν
126 1473 166 1547 τῇ
200 1465 368 1549 συμμορίᾳ
394 1461 513 1547 ἑκάστη
542 1461 585 1528 ιε’
613 1465 743 1546 ἄνδρες.
789 1463 947 1548 Harpocr.
971 1464 1026 1547 aL,
1049 1487 1078 1528 v.

59 1552 223 1638 frg.146;
247 1553 287 1617 cf.
305 1555 404 1617 etiam
428 1553 608 1618 Philemon.
632 1577 663 1636 p.
685 1555 748 1619 141
773 1576 820 1638 sq.
839 1555 887 1618 οδ
907 1553 1029 1618 Osann.

118 1712 233 1778 XLIX.
255 1714 345 1778 ΠΕΡΙ
369 1713 453 1778 ΤΟΥ
475 1714 760 1778 ΠΥΡΡΑΝΔΡΟΥ
785 1715 952 1779 ΚΛΗΡΟΥ.
977 1712 1133 1798 (?)x1.v11

153 1839 226 1902 160.
250 1837 449 1912 Κακώσεως·
473 1837 560 1915 δίκη(
583 1836 686 1915 ὄνομά
709 1839 794 1902 ἑετιν
818 1874 859 1884 -
884 1857 943 1884 -·
966 1840 1076 1917 Δημο-
1092 1859 1132 1898 ιιι

62 1931 176 2005 (θένηε
208 1928 288 1990 κατὰ
318 1926 534 2005 Τιμοκράτους
565 1928 617 1990 καὶ
647 1927 760 1991 Λυκία(
792 1926 829 1991 ἔν
860 1949 895 1992 τε
927 1932 974 2011 τῷ
1005 1928 1079 2005 περὶ

60 2021 121 2081 τοῦ
145 2016 369 2095 Ἡγηεάνδρου
396 2018 516 2095 κλήρου
544 2017 595 2080 καὶ
625 2017 662 2079 ἐν
689 2022 735 2100 τῷ
759 2016 839 2094 ὑπὲρ
864 2014 920 2099 [**
929 2018 980 2080 καὶ
1002 2016 1078 2079 Ὑπ.

62 2105 151 2187 περὶ]
184 2109 243 2169 τοῦ
270 2107 371 2182 Πυρρ.
398 2107 527 2184 κλήρου.
572 2104 622 2168 ὅτι
653 2107 688 2168 δέ
720 2107 794 2185 ἐξῆν
824 2109 875 2168 καὶ
905 2107 1002 2169 παντὶ
1032 2109 1079 2186 τῷ

63 2196 252 2276 βουλομένῳ
275 2193 453 2273 γράφεεθαι
480 2193 648 2257 κακώεεωε
676 2196 803 2269 γονέων
833 2196 885 2257 καὶ
912 2199 981 2258 ταῖς
1010 2194 1078 2257 ἐπι-

61 2287 193 2364 κλήροι(
218 2288 356 2361 βοηθεῖν,
380 2286 533 2361 δηλοῦται
556 2281 593 2346 έν
615 2303 650 2346 τε
674 2289 721 2366 τῷ
744 2285 966 2366 προειρημένῳ
989 2282 1079 2365 λόγῳ

63 2373 261 2450 Ὑπερείδου
288 2373 341 2435 καὶ
367 2372 404 2435 ἐν
431 2376 478 2454 τῷ
501 2371 616 2434 Λυκίου
644 2373 725 2435 κατὰ
748 2372 930 2437 Φιλωνίδου
960 2371 1079 2450 βιαίων,

64 2462 94 2526 εἰ
116 2464 252 2540 γνήειοε.
297 2459 455 2544 Ηοιροοι.

438 2619 473 2684 L.
505 2619 713 2685 POAIAKOC.
1031 2639 1134 2678 mm

155 2744 204 2811 cf.
227 2743 294 2808 vit.
312 2743 343 2807 X
366 2766 412 2808 or.
431 2767 463 2826 p.
482 2744 548 2808 850
566 2744 606 2807 Α.

156 2835 230 2899 161.
253 2843 449 2915 προπεσεῖν·
472 2837 643 2911 προπετῶι
666 2854 696 2896 τι
719 2838 855 2911 ποιήεαι.
891 2829 971 2896 Ὑπ.
990 2832 1077 2896 Ῥοδ.
1093 2853 1133 2892 188

139 2997 188 3045 157
212 2993 385 3044 πολυεύκτου
408 2991 439 3043 Β.
460 3021 493 3029 -
516 2989 639 3045 XLVIII.
667 2989 748 3043 Hanc
772 2993 843 3045 orat.
862 3006 919 3043 non
939 2988 1081 3043 diversam

62 3063 153 3116 fuisso
173 3079 190 3114 a
207 3061 304 3116 XLVI.
323 3061 357 3116 ci.
373 3062 404 3115 Α.
420 3060 594 3116 Schaeferus.
614 3093 647 3100 —
670 3068 720 3115 159
739 3064 769 3115 ἐν
787 3061 837 3132 τῇ]
857 3063 887 3115 ἐν
906 3064 977 3130 ἀρχῇ
996 3060 1029 3112 A.
1044 3091 1081 3099 -

62 3133 160 3189 XLIX.
184 3134 265 3187 Hanc
283 3134 439 3187 orationem
453 3131 590 3202 Hyperidi
607 3131 734 3186 reddidiss
748 3134 784 3200 8.,
804 3149 867 3186 cum
886 3149 920 3186 οκ
938 3131 1081 3200 sequenti-

64 3208 118 3260 bus
127 3203 278 3274 Hyperidis
292 3204 416 3271 aliquam
431 3207 588 3257 orationem
601 3203 747 3258 laudatam
761 3206 846 3257 antea
859 3203 946 3257 fuisse
961 3205 1080 3268 constet,

61 3279 134 3344 ὑπὲρ
155 3278 250 3329 autem
264 3291 297 3328 eo
311 3275 404 3328 minus
419 3276 456 3328 ad
471 3276 574 3342 κλήρου
590 3275 832 3329 accommodatum
848 3277 893 3343 sit,
908 3272 1081 3343 quodmodo

61 3348 151 3417 Harp.
179 3350 242 3414 περὶ
264 3353 315 3400 τοῦ
339 3350 442 3414 κλήρου
469 3344 586 3402 dixerat.
623 3347 684 3399 Iam
706 3346 869 3400 Maussacus
895 3348 960 3399 ante
986 3347 1016 3398 ἐν
1039 3350 1081 3412 τῷ

63 3422 135 3486 ὑπὲρ
158 3418 316 3471 inseruerat
335 3420 487 3486 Ὑπερίδης.
526 3417 646 3471 Meierus
665 3423 759 3471 autem
778 3418 832 3471 ita:
856 3449 890 3458 -
910 3448 944 3456 -
964 3419 1020 3480 Ἣγ,
1040 3419 1080 3466 κλ.

64 3494 110 3545 καὶ
134 3491 165 3545 ἐν
187 3496 230 3559 τῷ
253 3492 323 3556 ὑπὲρ
346 3496 398 3544 τοῦ
416 3491 453 3543 Π.
473 3492 513 3544 κλ.
533 3492 578 3542 καὶ
598 3490 690 3556 Ὑπερ.
710 3490 740 3542 ἐν
762 3497 804 3559 τῷ
822 3492 885 3556 περὶ
903 3529 930 3544 ..
947 3529 953 3542 .
968 3489 1080 3553 κλήρου.

64 3592 98 3603 -
118 3563 281 3629 πυράνδρου
301 3560 392 3626 codd.,
410 3577 463 3616 em.
479 3561 506 3615 S.
