2378 3944
136 183 200 248 100
503 184 775 239 ΑΠΟΕΠΑΕΜΑΤΙΑ

94 351 122 390 οι
225 327 368 394 30.Καὶ
401 325 481 393 οὐδὲ
515 327 551 393 ἐκ
582 338 640 412 τῆς
675 331 854 413 παροιμίας
887 330 1030 395 δύνασαι
1067 351 1128 412 μαν-
1171 346 1174 361 ·

135 418 256 483 θαίνειν
274 417 312 482 τὸ
331 419 376 501 μὴ
395 429 502 482 κινεῖν
521 418 624 483 κακὸν
643 413 681 482 εὖ
700 422 862 502 κείμενον.
882 457 926 466 -
948 419 1052 485 Schol.
1065 417 1133 481 Plat.

97 617 123 657 35
228 597 279 661 31.
303 593 371 660 Καὶ
394 597 524 679 ἔφασαν
548 595 584 660 ἐν
610 597 715 680 Οἰνόη
738 595 890 680 ἀκοῦσαι,
915 597 966 662 ὅτι
990 597 1074 682 μάχη
1096 601 1135 677 εἴη

136 696 304 768 γεγονυῖα.
329 722 371 730 -
397 684 552 767 Ηοιροοι.
572 707 596 748 s.
615 708 644 749 v.
671 687 785 768 Οἰνόη.

95 796 122 836 aa
226 774 279 838 32.
302 770 370 837 Καὶ
397 775 437 837 τὰ
460 775 609 856 χρήματα
636 774 676 837 τά
703 796 738 838 τε
763 776 835 857 ἱερὰ
856 772 912 840 καὶ
936 776 977 840 τὰ
1002 775 1084 841 ὅσια.
1107 811 1137 820 -

136 862 237 947 Harp.
262 884 286 926 s,
309 885 339 926 v.
362 862 459 927 ὅειον.

95 974 121 1014 οι
225 951 279 1016 33.
308 952 363 1015 Καὶ
395 953 602 1030 Δημοςθένης
634 952 670 1015 δὲ
704 955 826 1029 μᾶλλον
857 954 914 1035 (so.
943 953 1141 1032 έξείργαεται)

135 1041 331 1118 Ὑπερείδου
341 1042 400 1118 τὴν
409 1042 627 1118 γεγενημένην
641 1038 819 1119 Ἀθηναίοιε
833 1046 988 1123 ταραχήν,
1009 1043 1065 1108 ὅτε
1078 1043 1143 1120 ἧκεν
1183 1080 1185 1113 ÷

136 1129 271 1207 ἑεπέραε
290 1127 458 1206 ἀγγέλλων
477 1149 523 1192 τιε
546 1128 591 1192 ὼε
609 1129 685 1193 τοὺε
707 1130 878 1207 πρυτάνειε
900 1131 947 1195 ὼε
970 1133 991 1211 ἡ
1012 1130 1145 1197 Ἐλάτεια

136 1217 349 1295 κατείληπται.
376 1255 413 1264 -
441 1217 554 1280 Theon
578 1237 747 1302 progymn.
767 1218 821 1283 W.
840 1219 856 1283 I
878 1242 908 1303 p.
931 1221 1007 1285 167.

82 1328 121 1368 262
226 1307 278 1371 34.
302 1307 343 1372 (fs
367 1308 403 1370 δὲ
427 1305 454 1368 ὦ
474 1307 637 1371 Οὐλπιανὲ
661 1307 689 1370 εἰ
711 1309 770 1386 τὴν
792 1308 1021 1387 γαλεάγραν
1044 1313 1146 1388 ζητεῖι,

136 1393 220 1471 ἔχει(
243 1394 323 1473 παρ’
345 1395 420 1460 Ὑπ.
444 1400 490 1478 τῷ
514 1395 636 1473 ῥήτορι·
661 1394 745 1460 ὅπου
770 1398 819 1475 δέ,
843 1399 879 1461 εὺ
901 1401 999 1477 Ζήτει.
1038 1397 1146 1472 Athen.

136 1483 216 1548 XIV
234 1507 265 1568 p.
285 1484 349 1548 616
370 1482 406 1548 0.
429 1484 464 1548 ἐκ
488 1485 524 1547 δέ
547 1488 613 1547 τῶν
637 1489 757 1549 εκεοῶν
786 1487 838 1549 καὶ
863 1486 1085 1566 γαλεάγρα
1116 1487 1148 1550 τὸ

137 1575 173 1637 δὲ
204 1571 307 1652 ὄνομα
341 1575 377 1637 ἐν
409 1578 478 1637 τοῑε
512 1574 782 1652 έπιγραφομένοιε
811 1576 1044 1653 Δημοεθένουε
1075 1577 1149 1655 πρὸ(

136 1660 399 1740 Ἀριετογείτονο.
445 1661 527 1724 Poll.
545 1659 585 1744 X,
612 1660 682 1725 155.

96 1772 122 1811 οε
227 1740 279 1815 35.
298 1748 530 1834 Εὐρυσάκειον
546 1749 856 1836 (Eurysacisfanum
873 1751 1044 1842 Athenis).
1079 1754 1150 1818 Ὑπ.

137 1839 242 1922 ἐντῷ
266 1840 347 1917 πρὸ(
370 1837 433 1917 Ἀρ.
456 1875 500 1884 -
524 1838 679 1922 Harpoer.

95 1949 122 1988 οε
226 1928 279 1992 36.
303 1929 468 2012 Κεκροπίς
492 1924 636 2014 (tribus).
682 1928 760 1993 Ὑπ.
784 1929 820 1994 ἐν
844 1934 890 2013 τῷ
913 1931 997 2008 πρὸ(
1024 1930 1089 2011 Ἀρ.
1116 1966 1148 1976 -

138 2015 294 2100 Harpocr.

97 2127 124 2166 ιο
228 2105 279 2170 37.
303 2104 518 2188 Ναύκληρος·
542 2142 584 2151 -
608 2106 661 2169 ἐπὶ
683 2110 741 2170 τοῦ
770 2109 1010 2186 μεμιεθωμένου
1036 2111 1090 2175 ἐπὶ
1111 2114 1150 2191 τῷ

137 2194 177 2258 τὰ
207 2193 327 2259 ένοίκια
354 2195 498 2271 ἐκλέγειν
521 2197 540 2274 ἣ
565 2193 664 2258 οἰκία(
692 2197 711 2273 ἢ
740 2196 909 2274 ευνοικίαε,
944 2196 990 2262 ὼε
1016 2198 1036 2262 ὁ
1061 2199 1149 2263 αὐτὸ(

138 2284 244 2363 ῥήτωρ
273 2287 367 2362 δηλοῖ
394 2283 429 2346 έν
459 2287 505 2365 τῷ
533 2285 614 2361 πρὸ(
642 2282 704 2361 Ἀρ.
732 2319 769 2328 -
795 2282 897 2367 Harp.
930 2288 963 2349 et
984 2287 1050 2352 lex.
1074 2286 1149 2354 Can·

138 2374 223 2437 tabr.
271 2372 372 2436 ,673

97 2483 123 2522 ιι
227 2396 279 2527 33.
305 2456 408 2546 Οἰνῄς
438 2456 592 2546 (tribus).
643 2460 719 2525 Ὑπ.
742 2462 779 2525 ἐν
802 2467 848 2545 τῷ
871 2463 954 2540 πρὸ(
977 2461 1092 2544 Ἀριετ.
1117 2499 1146 2510 -

138 2549 295 2633 Harpocr.

98 2659 126 2698 ιο
229 2640 281 2703 39.
301 2633 422 2722 Ὀρθῆς
446 2632 483 2700 δὲ
505 2645 563 2719 τῆς
586 2639 712 2714 πόλεως
735 2639 838 2721 οὔσης
857 2637 910 2704 ἐπὶ
928 2640 1068 2720 τούτοις
1089 2642 1148 2708 ἀντὶ

139 2731 197 2790 τοῦ
228 2728 431 2805 κεκινημένηε
464 2727 515 2789 καλ
538 2730 764 2807 πεφοβημένη(
801 2729 876 2793 Ὑπ.
896 2729 1018 2808 Ιφηείν.
1049 2733 1148 2798 Ῥλολ

139 2815 200 2878 lex.
223 2836 253 2897 p.
273 2816 338 2879 346
363 2819 396 2878 et
417 2814 620 2879 Bachmanni
644 2817 754 2880 anecd.
776 2841 808 2902 p.
828 2817 903 2902 320,
928 2818 980 2884 12.
1023 2819 1074 2887 Of.
1095 2821 1146 2905 frss.

140 2905 181 2968 31
204 2912 236 2966 et
255 2904 305 2968 33.

230 2991 402 3056 Praeterea
429 2992 492 3056 huc
520 2993 632 3057 retulib
655 2991 818 3077 Sauppius
841 2993 904 3078 frg.
927 2998 1019 3080 quod
1055 3001 1147 3066 exstat

141 3102 191 3163 ap.
224 3078 454 3161 Rutil.L.11‚
483 3082 503 3145 2
529 3078 577 3166 (v.
600 3082 661 3163 frg.
685 3082 747 3146 inc.
771 3082 866 3167 214);
903 3083 964 3149 Bb.
993 3088 1105 3155 locum
1131 3107 1145 3150 ι

140 3199 352 3208 ,..-..-..-

212 3260 244 3307 31
266 3256 310 3306 καὶ
329 3269 382 3308 om.
398 3253 430 3308 B.
445 3285 478 3294 -
493 3255 524 3308 ἐν
543 3256 625 3323 Οἰνέη
644 3256 670 3308 Α
688 3254 760 3324 Ald.‚
780 3257 810 3311 έν
829 3257 920 3328 οἰναίη
939 3258 996 3314 ΒΟ.
1013 3269 1096 3320 -32
1112 3262 1145 3317 καλ

140 3329 221 3394 χρήμ.
240 3325 273 3378 D.
289 3355 321 3363 -
337 3327 382 3378 καὶ
396 3326 455 3378 ὅεια
469 3324 523 3378 BC.
538 3357 573 3366 -
588 3333 622 3381 33
636 3327 691 3381 huc
704 3327 818 3381 rettulit
831 3327 933 3382 Kiessl.
945 3361 981 3372 -
996 3338 1035 3390 34
1048 3337 1145 3406 praetor

140 3415 185 3450 me
210 3395 281 3466 (Att.
300 3394 361 3451 Ber.
381 3395 433 3461 III,
459 3395 496 3464 1²,
516 3400 561 3464 61)
590 3402 620 3452 et
645 3398 696 3453 Bb.
723 3399 809 3453 etiam
835 3417 861 3455 v.
881 3398 1079 3462 Wilamowitz
1104 3407 1144 3460 hue

140 3466 317 3521 referendum
337 3481 397 3520 esse
417 3465 451 3519 ci.
471 3495 504 3506 -
523 3474 557 3520 37
577 3469 665 3523 οἰκίαν
684 3471 713 3523 et
732 3471 870 3525 ευνοικΙαν
888 3473 1003 3530 mavult
1023 3477 1052 3534 S.
1088 3475 1145 3532 Sunt

141 3537 273 3606 genetivi.
290 3568 322 3577 —
343 3543 376 3592 38
396 3540 458 3591 erat
475 3537 583 3607 Olvn'sc3
601 3559 627 3594 v.
647 3540 684 3594 ad
703 3557 742 3597 or.
756 3541 797 3596 III
816 3541 868 3598 eol.
883 3548 927 3612 26,
942 3551 969 3600 6.
