2378 3944
464 146 668 203 PRAEFATIO
997 149 1077 205 XVII

147 300 168 374 ξ
190 302 240 360 10.
276 299 384 375 Itaque
399 298 593 375 'astrologica
615 298 669 357 illa
695 298 828 359 aMusei
855 299 1020 361 Britannici
1035 295 1170 390 {gsffiffig

57 388 253 450 curatoribus
271 407 368 464 nuper
386 386 542 465 splendide
561 388 643 446 edita
661 382 780 465 ΜΨ)
800 391 835 448 ut
849 388 926 447 nihil
945 409 1020 466 opus
1083 401 1121 443 aa

58 479 100 539 sit
127 478 175 537 his
203 495 283 536 nunc
314 475 479 538 immorari.
522 475 713 552 Hyperideae
746 482 847 536 autem
877 478 1021 538 orationis

59 567 215 643 exemplar
236 567 333 625 multo
357 564 515 625 deterioris
538 567 629 624 notae
653 584 717 625 esse
741 585 832 643 quam
855 567 948 626 trium
971 566 1077 626 iudici·

58 656 156 716 alium
186 655 356 715 orationum
383 653 471 713 facile
497 654 687 731 perspicitur.
738 655 803 714 Iam
831 655 925 731 ipsius
953 657 1076 715 chartae

59 763 168 824 genus,
185 745 275 819 longe
303 742 342 802 ab
369 743 495 802 alterius
528 743 662 803 bonitate
695 742 803 821 distat3
834 748 900 803 tum
928 746 1078 820 scriptura

58 833 261 910 inaequabilis
289 834 321 891 et
346 831 535 909 longitudine
563 851 597 892 ac
626 832 787 892 latitudine
816 833 1024 893 columnarum
1046 837 1077 893 et

59 941 205 984 versuum
224 921 374 981 densitate
393 923 425 980 et
442 920 615 980 litterarum
632 922 847 999 magnitudine.
888 922 965 982 Puto
989 923 1078 982 libra·

59 1012 142 1071 rium
175 1029 231 1087 pro
269 1009 414 1070 orationis
447 1009 564 1069 ambitu
600 1030 660 1070 non
696 1013 740 1069 ita
771 1012 906 1087 amplum
937 1013 1078 1071 volumen

58 1100 223 1177 babuisse,
245 1117 339 1174 quare
362 1118 457 1174 quum
478 1098 734 1159 animadverteret
756 1100 889 1175 spatium
915 1100 966 1160 rix
990 1101 1079 1160 suffe-

61 1193 186 1249 cturum
209 1205 284 1264 esse,
306 1190 427 1248 coactus
451 1191 498 1248 est
521 1188 621 1247 omnia
638 1188 671 1246 iu
689 1189 786 1248 artius
805 1189 1010 1265 constringere
1028 1209 1079 1249 ne·

61 1298 121 1356 que
135 1276 325 1354 marginibus
339 1295 471 1354 parcere,
491 1295 617 1353 cumque
627 1277 755 1353 primam
766 1280 934 1339 columnam
943 1273 1079 1355 XXXIV,
1101 1279 1104 1282 ⁴

61 1369 193 1426 alteram
214 1366 397 1442 tertiamque
416 1366 600 1425 tricenorum
619 1370 773 1425 ternorum
791 1386 932 1427 versuum
952 1369 1080 1441 fecisset,

61 1457 96 1515 in
118 1455 257 1531 proxima
278 1454 450 1531 XXXVIII,
474 1454 544 1513 dein
565 1454 632 1530 XL,
656 1455 724 1513 dein
747 1456 886 1534 XXXIX,
910 1457 942 1515 in
965 1457 1080 1515 ultimis

63 1544 183 1605 duabus
204 1543 413 1622 quadragenos
433 1547 595 1621 quaternos
614 1544 722 1603 facere.
765 1544 907 1622 Singulas
926 1545 1081 1606 columnas

60 1634 140 1693 satis
176 1632 319 1710 exiguum
356 1633 487 1708 spatium
523 1632 680 1710 discernit,
718 1652 811 1710 eoque
844 1635 952 1694 ductus
988 1634 1082 1693 crassi

64 1720 184 1798 singuli
199 1720 298 1781 binive
317 1721 476 1781 dirimendi
495 1740 586 1781 causa
600 1722 704 1782 additi.
742 1723 894 1784 Numerus
908 1723 1081 1783 litterarum

65 1811 101 1868 in
126 1808 254 1885 singulis
280 1810 419 1871 versibus
450 1811 524 1870 adeo
548 1811 689 1890 fluctuat,
721 1814 757 1870 ut
787 1815 818 1871 et
846 1813 877 1870 in
905 1813 1009 1872 eadem
1033 1832 1081 1872 co-

64 1900 174 1957 lumna
195 1897 283 1958 modo
307 1900 549 1976 quattuordecim
578 1900 652 1978 sint,
680 1900 768 1959 modo
791 1901 901 1977 viginti
930 1904 1082 1979 quattuor,

63 1992 96 2048 et
124 1987 157 2046 iu
185 1987 367 2064 quibusdam
393 2008 488 2066 usque
517 1988 554 2047 ad
577 2007 668 2048 unam
691 1992 723 2048 et
751 1989 878 2068 trigInta
900 1991 1029 2050 litteras
1046 1989 1082 2047 li-

64 2075 185 2136 brarius
216 2076 437 2154 progrediatur.
463 2109 500 2118 —
530 2077 686 2152 Scriptura
717 2079 911 2139 crassioribus
942 2078 1083 2138 ductibus

62 2167 115 2224 est
137 2183 229 2242 quam
252 2165 284 2224 in
307 2167 403 2226 altero
427 2166 504 2226 libro
528 2166 698 2242 lItterisque
722 2168 822 2228 minus
840 2169 872 2227 in
890 2168 1083 2227 latitudinem

65 2253 200 2314 extensis
222 2272 320 2332 neque
343 2259 406 2314 tam
430 2255 535 2315 crebro
559 2255 723 2334 colligatis,
747 2276 839 2334 quare
858 2258 890 2315 in
907 2257 1082 2317 universum

66 2341 181 2402 clarior
208 2343 317 2419 evasit3
349 2347 383 2404 at
411 2344 497 2403 nulla
518 2345 550 2403 in
577 2363 613 2403 ea
640 2345 785 2419 facilitas,
813 2346 898 2405 nulla
924 2343 1083 2422 elegantia.

65 2431 195 2491 Formae
223 2431 397 2491 litterarum
425 2435 547 2493 eaedem
574 2433 681 2512 ferme,
714 2434 772 2493 nisi
800 2435 878 2510 quod
907 2433 1084 2511 angustiora

65 2520 182 2580 omnia:
205 2520 308 2597 itaque
332 2522 363 2581 in
382 2519 410 2583 Ξ
429 2522 535 2581 littera
557 2523 719 2582 exteriores
743 2523 841 2582 lineae
859 2523 910 2583 rix
932 2523 1084 2598 longiores

67 2609 293 2686 media„neque
309 2607 333 2669 Β
347 2630 466 2687 semper
484 2611 595 2669 lineam
613 2611 698 2670 illam
716 2613 797 2670 Infra
815 2613 966 2688 appictum
984 2612 1084 2670 habet.

68 2725 114 2738 -
136 2697 174 2756 In
205 2695 381 2759 dirimendis
414 2699 540 2776 syllabis
573 2703 644 2760 sunt
680 2719 756 2776 quae
792 2701 957 2775 peculiaria
993 2701 1084 2759 codex

68 2785 192 2863 habeat,
215 2790 287 2846 sunt
310 2789 402 2848 etiam
425 2802 502 2866 quae
520 2792 625 2848 contra
644 2807 747 2848 sanam
766 2789 914 2850 rationem
934 2789 1084 2848 admittat.

70 2873 198 2951 Semper
221 2871 244 2936 C
267 2876 298 2935 in
329 2878 435 2938 mediis
465 2877 621 2938 vocabulis
652 2877 807 2937 divellitur
839 2880 877 2938 ab
909 2879 1085 2955 insequente

65 2966 265 3024 consonante:
298 2957 838 3049 ἐ(>τίν,Λεωε16ένη(,δεεζπότου,
864 2960 1083 3050 ἀεὶφαλέε.**)

140 3149 168 3220 *)
187 3150 279 3206 Greek
296 3152 397 3222 papyri
414 3153 444 3206 in
466 3153 516 3208 the
535 3152 641 3208 British
654 3153 783 3209 Museum
807 3155 861 3224 (ed.
876 3155 906 3210 F.
921 3153 953 3211 G.
968 3153 1086 3223 Kenyon

67 3226 151 3292 1893)
171 3240 212 3276 nr.
227 3230 262 3278 98
280 3241 307 3292 p.
324 3232 384 3293 126,
403 3223 544 3280 Faceimil.
563 3224 621 3280 tab.
638 3231 670 3279 72
681 3242 742 3294 sqq.
757 3225 789 3280 V.
808 3225 895 3280 etiam
914 3225 942 3283 O.
957 3225 1086 3293 Wessely

65 3293 226 3348 Denkschr.
245 3294 272 3348 d.
291 3295 429 3350 Akadem.
449 3294 533 3350 Wien
553 3302 631 3364 1888,
651 3303 666 3350 2
686 3315 713 3366 p.
729 3301 781 3352 150
791 3314 851 3366 sqq.

141 3364 183 3434 ⁸²²)
197 3366 303 3421 Eadem
318 3366 470 3420 dirimendi
482 3366 556 3422 ratio
571 3369 615 3422 est
628 3369 658 3423 in
671 3367 810 3422 breviario
824 3370 874 3422 illo
887 3366 1086 3434 astronomiae,

66 3435 146 3506 quod
165 3435 240 3491 inter
257 3454 380 3508 papyros
398 3453 416 3491 a
433 3437 638 3494 Parisiensibus
662 3439 754 3494 editos
774 3438 901 3506 (Notices
921 3441 950 3493 et
968 3437 1085 3493 extraits
1114 3440 1116 3445 '
1149 3438 1152 3443 ’

67 3508 105 3562 de
120 3525 260 3564 manuscr.
274 3509 375 3576 XVIII,
387 3512 414 3576 2)
429 3508 520 3577 primo
535 3510 597 3565 loco
612 3509 736 3580 positum
750 3513 801 3564 est.
826 3509 960 3565 Rationes
976 3508 1085 3579 aperire

124 3606 278 3663 Hmurnus,
292 3609 326 3649 ed.
342 3608 416 3648 Blass.
854 3599 873 3650 h
