2378 3944
486 148 693 203 PRAEFATIO
1034 148 1100 204 XXI

79 299 185 376 perius
205 298 344 377 attingit3
316 299 447 359 tidem
465 300 631 360 ferefitin
656 299 682 374 β.
720 301 779 362 Sed
803 303 861 361 hcc
884 318 905 360 α
929 304 959 359 61
984 299 1103 375 (linter

81 409 114 449 se
142 388 271 448 maxime
299 388 426 467 distant,
454 388 569 465 quod
560 410 592 449 m
615 390 770 468 Hyperide
796 392 958 468 pleraeque
982 389 1103 448 litterae

81 478 188 537 eadem
220 478 283 537 fere
315 481 387 538 sunt
419 477 640 556 magnitudine,
676 481 736 539 nisi
769 478 888 557 quod
879 500 911 539 m
943 480 1104 555 utramque

79 570 200 644 partem
219 567 417 643 porriguntur
435 564 464 628 Φ
483 570 514 627 61
532 565 570 644 Ψ,
594 568 625 627 in
648 568 821 628 inferiorem
842 566 865 629 Ρ
884 571 915 628 61
935 564 972 643 Β,
996 569 1103 626 contra

80 657 113 715 in
127 655 332 715 Demosthene
350 656 429 714 mira
448 659 495 716 est
512 657 686 716 litterarum
703 658 914 735 inaequalitas,
942 657 1104 714 Praeterea

81 743 264 821 notandum,
282 745 365 820 quod
385 763 493 804 manus
518 762 539 805 α
561 747 673 806 litteris
698 745 726 826 Γ,
750 745 796 823 Π,
821 744 853 824 Ρ,
876 742 910 822 Τ,
935 737 992 826 (Ν)
1017 744 1104 803 addit

81 835 165 893 inira
186 834 296 893 ductus
320 833 528 893 sinistrorsum
551 840 714 912 porrectos
738 835 865 895 maxime
889 836 1012 913 quidem
1034 851 1103 893 con·
1139 853 1142 857 ·

83 923 205 1000 spicuos
228 923 259 981 iu
282 922 430 999 principio
454 942 611 1002 versuum3
638 930 704 984 tum
727 925 808 1002 quod
831 942 923 1000 supra
951 923 1105 982 adduntur

83 1013 194 1072 ductus
213 1011 403 1071 dextrorsum
420 1013 551 1087 porrecti
569 1013 618 1072 his
637 1014 761 1074 litteris:
787 1011 818 1092 Κ,
838 1011 880 1085 Μ,
901 1009 936 1086 Ν,
956 1010 991 1088 Ο,
1010 1009 1048 1088 Υ,
1068 1006 1104 1087 Ω,

83 1100 197 1179 quibus
217 1100 358 1160 ductibus
380 1100 416 1160 fit
434 1101 588 1179 colligatio
611 1121 681 1163 cum
705 1103 848 1179 proximis
871 1102 992 1178 litteris,
1016 1100 1104 1160 clari-

81 1191 144 1250 tati
164 1190 332 1266 scripturae
350 1190 503 1249 interdum
521 1192 609 1251 valde
629 1192 771 1252 officiens.
808 1191 886 1250 Sunt
905 1194 1007 1251 autem
1029 1191 1105 1248 haec

84 1299 123 1338 ne
143 1297 162 1337 a
182 1279 199 1353 β
218 1279 339 1356 quidem
358 1279 521 1340 611616-
541 1278 704 1340 Columnae
724 1281 787 1341 sire
805 1281 934 1359 paginae
952 1280 985 1339 in
1003 1278 1105 1356 Hype-

85 1368 153 1428 ride
174 1367 364 1445 angnstiores
384 1367 455 1427 sunt
474 1388 564 1446 quam
582 1369 614 1429 in
627 1369 844 1447 Demosthene3
867 1368 1023 1430 continent
1041 1367 1105 1425 illic

84 1476 193 1518 versus
220 1457 339 1516 litteras
363 1475 432 1517 raro
455 1457 555 1518 minus
579 1478 669 1536 quam
692 1458 778 1536 XVI,
805 1477 902 1535 neque
926 1476 1013 1532 saepe
1036 1457 1105 1532 plus

84 1565 179 1625 quam
197 1546 268 1605 XIX
285 1546 336 1605 vel
353 1546 417 1606 XX.
451 1544 615 1606 Columnae
635 1566 740 1608 versus
759 1548 872 1607 habeut
890 1565 987 1623 neque
1006 1546 1105 1603 minus

83 1634 188 1694 XXVI
214 1654 311 1712 neque
338 1635 408 1711 plus
436 1635 574 1696 XXVIlI.
622 1636 806 1712 Compendia
832 1637 918 1696 nulla
951 1638 1034 1710 sunt3
1067 1633 1107 1692 ad

87 1723 269 1801 explendum
296 1724 429 1799 spatium
456 1744 561 1785 versus
589 1725 751 1785 adhibetur
773 1726 822 1786 vel
845 1722 873 1785 7
900 1727 973 1784 uota
998 1716 1106 1803 (semel

84 1814 251 1891 geminata,
275 1813 367 1872 semel
385 1814 505 1888 punctis
524 1807 629 1896 aucta)
652 1816 701 1875 vel
723 1831 781 1891 =,
805 1815 858 1874 scd
879 1816 990 1873 neutra
1008 1831 1105 1887 saepe.

83 1903 122 1962 In
143 1901 316 1961 dirimendis
336 1901 462 2004 syllabis
482 1904 605 1963 eaedem
623 1905 705 1980 leges
728 1904 833 1964 valent
851 1905 883 1962 at
884 1922 943 1978 que
961 1903 993 1960 in
1010 1899 1107 1959 Arde-

85 1992 179 2051 niano
199 1992 360 2068 volumine,
378 1991 438 2050 nisi
458 1992 538 2069 quod
556 2010 675 2068 semper
694 2008 709 2051 c
729 1994 766 2052 ab
785 1992 962 2069 insequente
977 2008 1108 2050 consona

85 2080 257 2156 divellitur;
285 2081 418 2139 notanda
445 2097 526 2154 προ(
536 2079 604 2157 ηκει
627 2073 673 2164 (3,
697 2074 732 2164 2)
762 2072 1037 2162 61ἀν(αιρεθεῑεαι
1061 2070 1106 2159 (5,

86 2161 156 2250 14),
180 2174 247 2227 tum
266 2160 527 2250 οὐ(κᾶξιο’ν(7,8
562 2190 599 2230 ex
616 2189 699 2230 more
719 2169 874 2247 scriptum
908 2169 1107 2239 Accentuum,

85 2257 259 2335 spirituum,
282 2260 422 2317 notarum
440 2259 549 2317 talium
567 2261 657 2336 plane
680 2259 827 2319 nihilt
781 2263 836 2318 est.
868 2255 1106 2333 Interpungendi

85 2348 168 2406 ratic
199 2346 232 2404 in
260 2347 434 2407 universum
464 2346 569 2407 eadem
599 2367 675 2426 quae
703 2349 735 2407 in
765 2347 918 2408 uolumine
946 2346 987 2420 A3
1020 2363 1106 2419 para-

85 2434 200 2512 graphi
226 2435 324 2495 forma
355 2439 402 2496 est
433 2436 587 2496 interdum
618 2438 789 2516 rotundior,
822 2437 901 2496 sicut
930 2452 1049 2510 semper
1075 2433 1107 2491 in
1153 2484 1158 2495 .

86 2524 307 2603 Demosthen03
335 2526 467 2601 spatium
490 2544 620 2586 uacuum
645 2527 776 2602 amplius
800 2544 889 2602 quam
913 2523 945 2581 in
967 2523 995 2581 A
1018 2523 1108 2582 relin-

85 2613 202 2690 quitur.
247 2614 327 2672 Raro
359 2616 525 2673 correctum
559 2618 620 2693 est,
652 2615 698 2674 bis
736 2614 856 2692 quidem
892 2631 985 2671 manu
1017 2612 1108 2671 simili

85 2720 195 2762 manus
221 2702 238 2777 β
266 2705 297 2762 61
323 2702 451 2762 fortasse
475 2703 580 2762 eadem
607 2705 675 2779 hac,
704 2723 780 2780 quae
805 2703 895 2763 etiam
920 2720 1008 2761 suum
1032 2719 1107 2777 opus

84 2793 155 2869 ipsa
188 2791 325 2851 correxit
374 2791 462 2850 Addo
495 2793 568 2851 haec
599 2792 838 2868 orthographica.
889 2791 958 2850 Iota
989 2794 1108 2848 mutum

87 2879 211 2955 saepius
234 2880 284 2941 vel
303 2880 377 2940 omit
364 2881 456 2940 ttitur
473 2899 581 2956 parum
604 2884 684 2940 recte
707 2882 757 2942 vel
776 2881 860 2940 addit
847 2884 907 2939 tur.
939 2879 1079 2955 Longum
1098 2895 1109 2936 1

84 2971 270 3047 plerumque
299 2966 329 3029 ΕΙ
367 2968 510 3028 scribitur
515 2974 602 3046 ,tes
603 2990 661 3117 que
694 2970 836 3048 aliqua
828 2989 860 3028 m
891 2971 948 3028 hae
979 2987 1012 3026 re
1039 2986 1107 3027 con·

86 3057 212 3134 stantia,
231 3076 415 3134 quamquam
434 3062 645 3117 occurruntt
615 3078 630 3118 6
646 3059 708 3118 iam
727 3057 813 3131 λέγι(
832 3049 949 3177 (2,19)
970 3060 1001 3116 61
1019 3053 1107 3116 {rivo

85 3140 219 3231 (5,10).
265 3147 338 3206 Pari
364 3146 455 3206 modo
483 3147 557 3206 haec
588 3147 692 3208 scribit
721 3167 828 3207 manus
859 3148 884 3222 β.
889 3140 922 3226 *)
970 3145 1046 3204 Tum
1079 3147 1110 3203 61

87 3233 280 3311 (υγγνώμην
298 3238 345 3296 est
364 3239 395 3296 et
417 3233 622 3311 (υμφὲροντα
641 3238 761 3313 aliaque
779 3238 810 3296 id
830 3254 925 3315 genus
946 3254 1014 3294 oum
1037 3234 1110 3294 assi-

86 3326 254 3403 milatione,
277 3329 309 3385 61
333 3325 425 3385 semel
448 3325 541 3384 etiam
565 3321 607 3400 ἂμ
630 3325 670 3402 μὴ
692 3319 827 3408 (8,11);
852 3329 885 3384 at
909 3325 926 3400 β
951 3319 1111 3399 (υνβαίνει

158 3515 185 3586 ι)
205 3512 246 3570 cr.
260 3512 335 3567 infra
354 3519 368 3578 s
385 3518 426 3569 18.
