2378 3944
94 167 134 223 VI
499 167 704 222 PRAEFATIO

94 318 316 395 insperantibus
340 318 489 378 omnibus.
525 319 621 378 Nemo
640 319 720 378 enim
739 337 872 395 unquam
890 316 1032 391 opinatus
1054 320 1110 393 est,

95 408 159 467 fore
182 411 218 466 ut
239 408 371 483 primum
395 408 534 483 sepulcra
556 407 610 466 illa
632 427 709 482 quae
727 427 821 483 prope
840 405 1009 483 Aegyptias
1030 406 1110 464 The-

95 495 149 555 bas
169 497 282 556 deserti
299 498 417 556 montes
436 498 599 571 continent,
622 496 704 555 haud
723 495 969 556 contemnendam
988 497 1111 570 partem

94 585 257 662 Hyperidis
277 604 402 661 operum
419 585 506 645 nobis
524 587 691 662 redderent,
710 585 817 644 deinde
836 604 872 643 ex
886 583 954 642 aliis
968 583 1110 658 partibus

94 674 228 752 Aegypti
251 692 345 734 novae
368 675 491 750 insuper
515 674 618 749 copiae
642 675 825 734 accederent.

6 774 131 838 aerumma
238 760 307 838 §h
340 761 498 840 Ingentem
520 763 581 824 vim
604 762 791 822 voluminum
813 778 1056 838 papyraceorum
1078 762 1110 820 in

0 839 144 930 ἷξξζῗοῗῃ
152 850 294 928 Aegypto
316 853 428 927 passim
451 870 506 927 per
529 853 666 927 sepulcra
685 852 864 910 damnumve
883 851 986 909 ruinas
1005 850 1109 909 inven-

35 937 109 976 ΝΜ
150 944 214 1011 tam
229 957 293 999 esse
307 939 496 1015 invenirique
510 944 614 1000 notum
625 943 679 1015 est,
695 941 747 999 sed
757 959 860 999 eornm
874 940 963 1015 longe
977 939 1111 998 maxima

96 1047 167 1106 pars
185 1028 307 1088 libellos
321 1029 405 1088 vario
425 1033 602 1106 argumento
622 1029 658 1087 de
672 1029 800 1104 privatis
814 1029 904 1087 rebus
923 1028 1109 1103 conscriptos

98 1117 240 1193 eontinet,
258 1136 355 1193 pauca
374 1118 536 1177 admodum
554 1117 688 1177 admixta
702 1120 772 1177 sunt
786 1136 912 1193 operum
926 1119 1109 1192 scriptorum

95 1208 285 1266 vetustorum
304 1206 494 1282 exemplaria.
534 1207 660 1265 Illarum
673 1206 829 1285 regionum
849 1206 963 1266 incolae
983 1206 1109 1282 Arabes,

95 1298 256 1371 postquam
280 1294 519 1355 animadvertere
538 1295 692 1356 volumina
715 1313 834 1372 quoque
857 1294 911 1354 illa
934 1313 952 1352 a
975 1294 1109 1371 peregri-

16 1452 18 1456 ,
96 1383 143 1442 nis
164 1383 196 1442 in
214 1383 311 1459 pretio
330 1383 444 1459 haberi,
468 1384 629 1463 diligenter
646 1385 827 1460 conquirunt
846 1387 877 1442 et
894 1385 973 1442 inter
991 1385 1109 1442 ceteras

96 1491 145 1532 res
168 1473 333 1532 venditant.
378 1473 506 1532 Exstitit
532 1474 627 1551 igItur
654 1473 685 1531 in
712 1475 850 1549 sepulcro
874 1472 1006 1550 quodam
1029 1472 1107 1530 The·

96 1561 203 1620 barum
236 1562 377 1622 volumen
413 1580 617 1638 papyraceum
652 1561 818 1639 Hyperidis
857 1564 918 1620 tres
957 1560 1110 1620 orationes

97 1650 266 1728 continens,
303 1650 384 1726 quod
415 1651 567 1726 patefacto
605 1652 743 1727 sepulcro
777 1649 814 1710 ab
843 1649 998 1708 Arabibus
1031 1649 1112 1709 circa

96 1738 279 1814 principium
302 1739 372 1798 anni
397 1741 481 1800 1847
506 1740 586 1799 inter
618 1743 719 1800 cetera
747 1740 904 1799 inventum
934 1739 1110 1814 elatumque

99 1825 192 1901 est.*)
237 1826 404 1887 Habitabat
427 1827 490 1887 illic
513 1829 591 1887 inter
609 1824 713 1888 ruinas
732 1831 871 1889 vetustae
890 1827 972 1886 urbis
993 1825 1110 1887 Castel-

98 1915 193 1975 larius
216 1908 446 1993 quidam'homo
464 1917 570 1993 Italus,
594 1917 646 1992 qui
664 1915 780 1976 Arabes
800 1917 1000 1976 assuefecerat
1019 1935 1111 1993 quae-

97 2023 212 2079 cunque
235 2005 421 2064 invenissent
444 2005 483 2064 ad
506 2025 538 2065 se
561 2006 690 2082 deferre,
717 2006 786 2065 indo
809 2007 905 2082 pretio
934 2004 1044 2082 exiguo
1069 2006 1113 2064 eis

100 2094 199 2152 soluto
223 2093 487 2172 peregrinantibus
511 2096 616 2155 eadem
638 2114 749 2171 magno
773 2094 956 2155 venditabat.
1002 2093 1112 2170 Itaque

99 2197 168 2241 cum
190 2201 259 2243 vere
283 2181 355 2241 anni
380 2184 465 2242 1847
485 2183 520 2243 Α.
537 2183 568 2243 Ο.
590 2183 696 2243 Harris
715 2184 890 2260 Britannus,
914 2183 966 2259 qui
983 2181 1113 2241 Alexan-

99 2271 181 2330 driae
205 2271 390 2332 domicilium
413 2272 623 2350 constituerat,
648 2273 767 2332 Thebas
792 2273 934 2348 venisset,
958 2289 976 2328 a
995 2269 1113 2331 (lastel-

98 2360 189 2438 lario,
213 2380 301 2438 quem
332 2379 403 2419 sane
433 2360 497 2436 ipse
527 2380 588 2421 non
616 2361 766 2437 nominat,
796 2360 925 2438 triginta
947 2360 1006 2418 duo
1029 2361 1113 2439 frag·

98 2451 201 2507 menta
219 2449 334 2509 maiora
357 2450 511 2509 minorave
535 2450 658 2527 accepit,
683 2451 869 2510 continentia
890 2449 945 2507 illa
968 2448 1114 2526 reliquias

98 2537 244 2597 orationis
268 2541 372 2598 contra
390 2537 624 2598 Demosthenem
642 2539 811 2616 priorisque
830 2539 924 2614 partis
949 2538 1014 2597 eius
1034 2557 1112 2615 quae

98 2644 152 2700 pro
176 2625 374 2702 Lycophrone
398 2627 505 2686 habita
528 2632 581 2687 est.
629 2627 688 2687 Sed
710 2629 784 2687 haec
807 2629 978 2706 fragmenta
1000 2627 1113 2702 prioris

98 2717 220 2773 tantum
248 2716 344 2790 partis
368 2715 531 2775 voluminis
554 2719 652 2792 erant,
679 2717 787 2777 misere
815 2715 937 2775 habitae
965 2716 1113 2791 foedeque

98 2803 293 2880 dilaceratam
327 2806 425 2864 altera
455 2823 526 2880 pars
556 2810 588 2866 et
618 2806 740 2883 integra
771 2806 923 2865 manserat
955 2823 1051 2881 neque
1082 2806 1113 2864 in

99 2910 207 2952 manus
236 2891 408 2953 Castellarii
435 2898 566 2954 venerat.
616 2895 761 2970 Iosephus
790 2894 869 2954 enim
892 2892 1008 2969 Arden,
1035 2895 1114 2952 inre-

99 2981 255 3042 consultus
269 2981 444 3056 Britannus,
463 3001 533 3042 cum
547 2981 610 3044 cel.
623 2984 686 3042 Ian.
702 3002 729 3043 a.
747 2984 831 3043 1847
844 2983 962 3042 Thebas
980 2983 1115 3043 venisset

99 3072 131 3130 et
154 3071 235 3130 ultra
258 3071 350 3130 etiam
373 3090 578 3150 processurus,
600 3072 669 3131 dein
688 3072 806 3132 Thebas
825 3090 1001 3133 reversurus
1026 3075 1114 3148 esset,

100 3159 219 3219 Arabes
243 3161 511 3220 commonefecerat
533 3164 569 3220 ut
591 3162 617 3222 si
640 3180 701 3239 qua
719 3161 835 3221 interea
853 3161 1038 3221 invenissent
1058 3160 1115 3220 sibi

99 3296 312 3306 ———

171 3383 197 3452 ²¹⁸)
220 3383 262 3438 De
280 3384 326 3438 his
345 3383 474 3439 conferas
492 3382 682 3452 praefationes
705 3385 860 3439 editionum
878 3382 1115 3453 Britannicarum,

100 3454 277 3580 fflssenssme
297 3454 435 3582 prasinae,
459 3454 509 3508 ubi
532 3453 636 3510 diserte
658 3459 810 3511 narrantur
827 3471 901 3524 quae
918 3469 936 3507 a
954 3471 999 3508 me
1022 3454 1117 3509 obiter

152 3542 197 3580 roa
210 3544 228 3580 a
245 3545 297 3582 sun
313 3573 317 3581 .
