2392 3960
137 171 251 226 XLVIII
436 170 485 225 DE
504 170 586 226 HYP.
606 169 844 236 ELOQVENTIA

141 322 208 384 λων
232 317 419 394 ἀγωνιετῶν
443 317 617 396 λείπεεθαι,
646 317 825 396 πρωτεύειν
849 320 884 381 δέ
913 321 980 382 τῶν
1009 318 1157 386 ἰδιωτῶν.

138 407 157 471 δ
172 409 230 486 μέν
245 428 282 484 γε
296 406 485 485 Ὑπερείδη(
500 407 581 485 πρὸ(
599 411 645 489 τῷ
660 404 766 470 πάντα
781 405 842 472 ἔξω
857 428 894 483 γε
909 413 965 486 τῆ(
980 410 1159 474 (υνθέ(εω(

139 501 294 576 μιμεῖεθαι
317 495 357 558 τὰ
380 497 601 574 Δημοεθένεια
624 495 864 575 κατορθώματα,
888 497 939 560 καὶ
962 497 1019 560 τὰ(
1043 497 1157 563 Λυεια-

141 586 198 650 κὰ(
228 587 263 650 ἐκ
293 588 444 665 περιττοῦ
478 584 686 663 περιείληφεν
718 583 835 662 ἀρετά(
864 605 899 650 τε
931 585 982 649 καὶ
1015 584 1158 665 χάριτα(

138 675 273 752 καὶγὰρ
297 676 390 738 λαλεῖ
413 673 491 752 μετὰ
513 672 680 752 ἀφελεία(,
711 672 790 739 ἔνθα
813 675 886 753 χρή,
911 674 961 737 καλ
985 674 1024 738 οὐ
1049 674 1159 740 πάντα

138 763 210 842 ἐξῆ(
241 763 293 827 καί
325 761 511 842 μονοτόνω(
543 761 588 826 ὡ(
617 761 636 826 δ
664 763 872 841 Δημο(θένη(
910 764 1010 842 λέγει,
1048 763 1087 826 τό
1122 785 1157 830 τε

138 853 247 930 ἠθικὸν
271 850 337 930 ἔχει
361 852 439 931 μετὰ
457 852 653 930 γλυκύτητα(
673 850 760 933 [ἡδὺ]
782 854 877 914 λιτῶ(
895 852 1157 931 ἐφηδυνόμενον·

139 940 258 1019 ἄφατοί
280 961 315 1004 τε
340 941 412 1018 περὶ
436 939 536 1004 αὐτόν
559 939 635 1004 εἰ(ιν
658 939 823 1018 ἀ(τεί(μοί,
847 943 965 1020 μυκτὴρ
985 943 1156 1006 πολιτικώ-

139 1050 243 1108 τατο(,
267 1029 290 1113 †
315 1029 469 1107 εὐγένεια,
493 1030 531 1093 τό
554 1029 634 1092 κατὰ
652 1031 709 1093 τὰ(
728 1028 892 1106 εἰρωνεία(
912 1028 1156 1110 εὐπάλαισρον,

139 1119 308 1197 (κώμματα
336 1118 395 1182 οὐκ
426 1116 548 1196 ἄμουεα
572 1116 642 1181 οὐδ’
668 1116 823 1194 ἀνάγωγα
850 1119 931 1182 κατὰ
957 1120 1035 1182 τοὺ(
1057 1117 1156 1184 Ἀττι-

138 1209 214 1271 κοὺ(
237 1207 392 1285 ἐκείνου(,
420 1205 491 1270 ἀλλ’
514 1206 708 1285 ἐπικείμενα,
739 1207 909 1285 διαευρμό(
937 1228 972 1270 τε
998 1208 1157 1274 ἐπιδέξιο(

140 1297 191 1360 καὶ
210 1298 294 1361 πολὺ
313 1297 351 1360 τὸ
371 1296 509 1374 κωμικόν
529 1296 580 1359 καὶ
599 1297 677 1374 μετὰ
696 1298 824 1359 παιδιᾶ(
843 1294 997 1374 εὐετόχου
1012 1298 1156 1377 κέντρον,

139 1383 294 1464 ἀμίμητον
323 1387 358 1448 δέ
387 1385 489 1449 εἰπεῖν
519 1385 557 1448 τό
588 1385 624 1448 ἐν
655 1387 728 1448 πᾶ(ι
758 1383 885 1449 τούτοι(
918 1384 1157 1464 ἐπαφρόδιτον·

139 1474 328 1538 οἰκτίεαεθαί
352 1495 387 1538 τε
411 1475 680 1552 προ(φυε’(τατο(,
704 1471 751 1536 ἔτι
770 1474 805 1536 δέ
826 1477 1042 1553 μυθολογῆεαι
1062 1496 1155 1554 κεχυ-

139 1564 234 1643 μένο(
261 1564 313 1627 καὶ
341 1564 377 1627 ἐν
400 1562 489 1645 ὑγρῷ
519 1563 674 1640 πνεύματι
705 1561 901 1627 διεξοδεῦεαί
931 1583 961 1627 τι
992 1563 1156 1644 εὐκαμπὴ(

140 1650 260 1730 ἄκρωε·
285 1650 391 1729 ὥεπερ
415 1650 524 1730 ἀμέλει
548 1652 588 1714 τὰ
612 1653 670 1729 μὲν
693 1652 766 1729 περὶ
788 1652 848 1729 τὴν
867 1651 959 1728 Λητὼ
983 1654 1155 1732 ποιητικώ-

139 1760 230 1819 τερα,
254 1738 363 1804 τόνδ’
388 1739 560 1818 ἐπιτάφιον
584 1741 799 1804 ἐπιδεικτικῶ(
822 1738 867 1803 ὼ(
891 1740 949 1804 οὐκ
973 1738 1034 1805 οἶδ’
1059 1740 1158 1806 εἴτι(

140 1827 238 1893 ἄλλο(
267 1830 399 1894 διέθετο.
447 1827 465 1892 ὁ
496 1830 531 1892 δέ
559 1830 768 1908 Δημοεθένη(
798 1827 1035 1908 ἀνηθοποίητο(
1065 1828 1155 1895 ἀδιά-

141 1938 246 1997 χυτοε,
269 1919 378 1996 ἥκιετα
401 1917 499 1996 δγρό(
522 1920 541 1997 ἢ
562 1918 781 1996 ἐπιδεικτικόε,
811 1916 966 1982 ἁπάντων
995 1917 1068 1999 ἐξῆ(
1092 1924 1158 1985 τῶν

139 2008 381 2085 προειρημένων
413 2007 493 2070 κατὰ
526 2006 563 2070 τό
596 2007 699 2071 πλέον
736 2004 876 2084 ἄμοιρο(
931 2006 1010 2072 ἔνθα
1048 2009 1158 2088 μέντοι

139 2099 268 2172 γελοῑο(
302 2094 383 2160 είναι
417 2094 554 2175 βιάζεται
587 2095 638 2158 καὶ
667 2094 807 2174 ἀετεῑοε,
844 2095 884 2159 οὐ
916 2097 1044 2172 γέλωτα
1075 2102 1157 2162 κινεῑ

139 2188 262 2263 μᾶλλον
284 2187 304 2264 ἢ
328 2187 553 2263 καταγελᾶται,
582 2183 662 2248 ὅταν
691 2186 726 2248 δέ
751 2184 887 2260 ἐγγίζειν
915 2186 992 2268 θέλῃ
1016 2190 1064 2269 τῷ
1088 2187 1156 2251 ἐπί-

139 2294 229 2354 χαρι(
253 2272 342 2352 εἶναι,
365 2272 439 2337 τότε
463 2274 564 2337 πλέον
584 2272 760 2351 ἀφίεταται.
797 2272 836 2336 τό
854 2273 892 2349 γέ
910 2294 960 2337 τοι
979 2275 1053 2353 περὶ
1072 2276 1181 2354 Φρύ·“

140 2365 237 2443 νηεῆ
267 2361 499 2442 Ἀθηνογένου(
531 2363 675 2438 λογίδιον
707 2363 907 2440 ἐπιχειρή(α(
939 2361 1079 2441 γράφειν
1110 2364 1156 2429 ἐτι

140 2455 263 2530 μᾶλλον
305 2451 345 2516 ἂν
380 2449 576 2530 Ὑπερείδην
619 2451 812 2529 (υνέετηεεν.
873 2448 945 2515 ἀλλ’
981 2452 1156 2533 ἐπειδήπερ

43 2596 46 2609 .
140 2539 225 2619 οἶμαι
244 2541 284 2604 τὰ
301 2542 360 2618 μέν
379 2542 516 2618 θατέρου
535 2539 626 2619 καλά,
650 2541 700 2604 καὶ
724 2540 751 2604 εἰ
770 2538 885 2618 πολλό,
910 2538 998 2618 όμω(
1016 2539 1155 2622 ἀμεγέθη

140 2631 191 2693 καὶ
215 2628 268 2694 οἷα
287 2632 452 2709 νήφοντο(
472 2628 554 2707 ἀργὰ
572 2630 624 2692 καὶ
643 2629 701 2693 τὸν
720 2627 881 2708 ἀκροατὴν
900 2629 1031 2709 ἠρεμεῖν
1050 2631 1157 2696 ἐῶντα

141 2754 181 2762 -
207 2718 312 2783 οὐδεὶ(
345 2723 427 2794 γοῦν
449 2717 644 2796 Ὑπερείδην
672 2716 901 2794 ἀναγινώεκων
929 2722 1080 2797 φοβεῖται
1104 2755 1156 2798 -,

140 2806 159 2869 δ
179 2808 214 2870 δέ
234 2807 257 2891 †
276 2806 370 2872 ἔνθεν
390 2806 474 2872 ἑλὼν
492 2811 551 2871 τοῦ
571 2805 882 2886 μεγαλοφυε(τάτου,
907 2807 957 2871 καὶ
976 2804 1032 2870 ἐπ’
1056 2805 1156 2887 ἄκρον

141 2894 256 2974 ἀρετὰ(
276 2897 566 2974 (υντετελεεμέναε,
582 2895 773 2974 ὑψηγορίαν,
789 2896 895 2974 τόνον,
911 2894 1041 2974 ἔμψυχα
1060 2897 1155 2977 πάθη,

141 2984 325 3062 περιου(ίαν
345 2983 513 3062 ἀγχίνοιαν
531 2983 638 3063 τάχοε,
658 2983 736 3049 ἔνθα
755 2986 791 3048 δέ
809 2984 941 3063 καίριον,
960 2986 1019 3064 τὴν
1039 2983 1156 3051 ἅπαων

141 3073 314 3152 ἀπρόειτον
338 3073 505 3151 δεινότητα
533 3075 584 3137 καί
608 3073 754 3152 δύναμιν,
785 3074 894 3153 ἐπειδὴ
918 3078 1033 3153 ταῦτα,
1066 3076 1154 3155 φημὶ,

141 3162 186 3226 ὡ(
209 3163 395 3240 θεόπεμπτα
418 3163 508 3226 δεινὰ
531 3165 704 3241 δωρήματα
728 3199 769 3208 -
794 3163 832 3227 οὐ
856 3163 918 3241 γὰρ
942 3163 1045 3228 εἰπεῖν
1070 3171 1153 3242 θεμι-

140 3253 197 3316 τὸν
221 3250 407 3330 ἀνθρώπινα
434 3287 470 3297 -
497 3250 599 3330 ἀθρόα
623 3253 656 3317 ἐ(
680 3251 796 3315 ἑαυτὸν
820 3251 947 3330 έ(πα(ε,
976 3251 1029 3315 διὰ
1056 3257 1153 3318 τοῦτο

141 3340 189 3405 οἱ(
212 3340 279 3418 ἔχει
302 3344 412 3404 καλοῖ(
431 3338 576 3404 ἅπαντα(
599 3338 649 3405 ἀεὶ
672 3346 743 3425 νικᾷ
762 3341 813 3404 καί
832 3340 913 3418 ὺπέρ
933 3338 980 3405 ὡν
999 3340 1059 3405 οὐκ
1078 3341 1152 3421 ἔχει,

140 3431 192 3494 καὶ
210 3429 347 3508 ὡεπερεὶ
366 3433 567 3512 καταβροντᾷ
586 3431 637 3494 καί
657 3431 852 3508 καταφλέγει
871 3430 947 3493 τοὺ(
961 3427 1021 3493 ἀπ’
1036 3430 1154 3497 αἰῶνο(

142 3518 293 3600 ῥήτορα(
317 3520 369 3583 καί
392 3522 508 3584 θᾶττον
533 3516 572 3584 ἄν
591 3539 638 3583 τι(
657 3523 825 3598 κεραυνοῖ(
844 3520 1039 3598 φερομένοι(
1058 3517 1153 3585 ἀντα-
