2378 3944
135 174 179 238 94
445 174 645 230 ΥΠΕΡΕΙΔΟΥ
664 174 845 228 ΕΠΙΤΑΦΙΟ(

137 319 246 387 δοξίαν
265 318 427 400 ἀγήρατον
451 320 627 399 εἰλήφαςιν,
652 318 839 398 εὐδαίμονές
862 339 897 382 τε
923 317 1083 396 γεγόναςι
1106 340 1154 383 κα-

135 410 175 473 τὰ
198 409 313 474 πάντα.
336 410 404 474 ὅςοι
428 411 486 487 μὲν
509 409 570 487 γὰρ
595 409 702 472 αὐτῶν
725 407 859 473 ἀπαιδες
882 411 1154 487 τετελευτήκαςιν,

135 499 166 563 οἱ
189 499 277 578 παρὰ
299 503 365 563 τῶν
387 498 549 577 Ἑλλήνων
579 497 705 561 ἔπαινοι
728 501 840 562 παῖδε(
864 496 976 560 αὐτῶν
1002 496 1154 562 ἀθάνατοι

135 587 270 652 ἔςονται.
294 586 362 651 δ’ςοι
385 589 421 651 δὲ
445 591 562 651 παῖδας
585 585 860 663 καταλελοίπαςιν,
882 585 902 662 ἡ
923 591 982 663 τῆς
1003 586 1153 664 πατρίδος

82 691 116 739 43
136 676 246 741 εὔνοια
265 677 440 755 ἐπίτροπος
459 675 568 740 αὐτοῖς
587 678 653 739 τῶν
672 675 798 739 παίδων
817 677 1059 752 καταςτήςεται.
1078 675 1153 753 πρὸς

136 768 171 830 δὲ
195 766 329 844 τούτοις,
353 765 380 828 εἰ
404 767 461 843 μέν
485 764 549 828 ἐςτι
571 764 610 828 τὸ
633 763 811 828 ἀποθανεῖν
833 762 950 841 δ’μοιον
973 768 1025 846 τῷ
1045 765 1085 841 μὴ
1103 784 1151 841 γε-

136 856 255 932 νέςθαι,
288 853 527 932 ἀπηλλαγμένοι
558 853 615 917 eici
645 852 750 918 νόςων
781 853 832 917 καὶ
863 851 967 929 λύπης
1003 853 1057 916 καὶ
1089 855 1150 915 τῶν

135 943 244 1006 ἀλλων
267 946 333 1006 τῶν
356 941 624 1020 προςπιπτόντων
648 941 692 1006 εἰς
711 941 769 1006 τὸν
788 940 1000 1019 ἀνθρώπινον
1022 941 1103 1020 βίον·
1126 940 1150 1004 εἰ

136 1030 164 1095 δ’
188 1031 270 1096 ἔςτιν
295 1030 430 1108 αἴςθηςις
454 1032 489 1094 ἐν
512 1030 623 1096 Ἅιδου
644 1031 696 1094 καὶ
714 1031 878 1107 ἐπιμέλεια
896 1029 990 1107 παρὰ
1009 1034 1070 1093 τοῦ
1089 1033 1148 1092 δαι-

136 1120 262 1199 μονίου,
293 1119 399 1197 ὥςπερ
421 1118 706 1199 ὑπολαμβάνομεν,
737 1118 821 1183 εἰκὸς
848 1118 925 1182 τοὺς
953 1122 1029 1182 ταῖς
1052 1122 1147 1196 τιμαῐτ

135 1213 201 1273 τῶν
225 1212 308 1274 θεῶν
331 1210 581 1286 καταλυομέναις
607 1210 821 1287 βοηθήςαντας
844 1205 996 1284 πλείςτης
1021 1212 1146 1286 κηδεμο-

135 1297 204 1361 νίας
227 1297 291 1362 ὑπὸ
314 1302 372 1362 τοῦ
396 1296 562 1376 δαιμονίου
585 1295 778 1377 τυγχάνειν]
806 1333 843 1342 -
871 1332 912 1341 -
940 1330 979 1340 -

134 1490 193 1557 tur;
214 1490 244 1542 at
262 1489 323 1542 cod.
340 1489 358 1543 S
376 1492 421 1543 πλ
436 1488 619 1554 εὐδαιμονίας,
638 1487 712 1542 unde
726 1485 911 1541 Ruhnkenins
926 1486 977 1557 (S.‚
994 1487 1057 1557 eb.)
1075 1491 1145 1556 κηδε-

135 1561 231 1624 μονίας
254 1558 354 1615 effecit.
392 1558 432 1615 ef.
451 1558 573 1614 Hierocl.
593 1575 637 1627 ap.
656 1557 738 1614 Phot.
758 1557 827 1612 bibl.
845 1576 873 1628 p.
891 1563 1009 1627 468,13
1029 1559 1143 1627 (Hense).

132 1631 296 1685 Bekhuizen
320 1647 375 1684 von
397 1629 453 1684 den
470 1629 558 1684 Brink
582 1629 624 1682 ite.
640 1629 725 1698 legit:
748 1631 897 1698 ὑπεῖναι,
921 1631 992 1685 τοὺς
1015 1660 1051 1672 ·-
1074 1634 1144 1697 βοηθ.
1181 1660 1183 1669 ·

134 1703 276 1770 καλλίςτης
294 1703 367 1756 εἰκὸς
385 1702 482 1769 μοίρας
501 1702 555 1755 ὑπδ
573 1720 599 1755 τ.
615 1703 639 1755 δ.
654 1718 732 1768 τυγχ.
748 1731 780 1741 -
795 1699 954 1825 δαιμονίουί]
969 1701 1103 1768 δαίμονος
1113 1701 1141 1754 A

204 1772 354 1827 Praeterea
372 1772 398 1828 S.
418 1772 455 1827 ad
477 1771 550 1827 hanc
574 1770 730 1826 orationem
754 1771 809 1825 dno
828 1771 880 1841 frg.
900 1787 932 1826 re
945 1773 1006 1841 ert,
1034 1773 1143 1827 altorum
1181 1764 1183 1833 ἶ

135 1847 248 1898 exstans
262 1860 307 1913 ep.
322 1843 427 1898 Pollnc.
443 1842 535 1911 1214:
555 1845 595 1897 Ὺ.
611 1844 641 1897 δὲ
655 1844 706 1897 τὸν
720 1844 863 1911 ἀγήρατον
877 1843 992 1911 χρόνον,
1009 1845 1143 1912 (οφωςλής
1174 1872 1177 1877 ·

135 1916 165 1969 δὲ
187 1917 239 1969 τὸν
263 1916 360 1983 ἀγήρω
385 1919 431 1984 (sc.
453 1915 585 1984 εἴρηκεν),
609 1915 638 1967 et
655 1915 709 1969 hoc
728 1914 841 1982 quidem
861 1913 931 1968 setis
953 1913 1142 1984 probabiliter.
1172 1950 1175 1955 ·

134 1984 262 2040 Alterum
285 1984 315 2038 in
338 1984 476 2054 excerptis
500 2002 514 2038 e
536 1985 665 2054 Dexippo
689 1988 726 2054 (p.
748 1991 782 2040 32
805 1984 849 2040 ed.
871 1983 1015 2055 Niebuhr)
1038 1982 1141 2041 eVnti·

135 2072 222 2112 csnne
246 2055 435 2111 bibliothecae
459 2055 570 2110 schedis
590 2058 723 2111 extractis
744 2055 862 2125 legitnr;
886 2055 939 2110 sed
956 2058 991 2110 nt
1010 2056 1140 2125 Bobingto
1170 2096 1174 2107 .

134 2128 339 2183 demonstravit
362 2125 507 2196 (Classical
526 2125 640 2197 jonrnsl
659 2126 743 2183 soii
762 2146 789 2197 p.
804 2128 880 2197 408),
902 2126 978 2181 nihil
1003 2127 1043 2183 ad
1064 2128 1140 2197 spite
1168 2132 1172 2153 ³

133 2199 231 2268 phium
254 2198 390 2268 pertinet,
415 2198 464 2253 sed
486 2197 594 2267 pariter
616 2213 649 2251 oc
672 2215 722 2252 sex
746 2197 804 2252 clia
826 2197 879 2267 frg.
897 2215 957 2254 uns
979 2198 1097 2255 invente
1111 2195 1140 2250 sd

134 2270 291 2326 orationem
309 2272 448 2338 quandem
467 2271 528 2324 κατ’
543 2270 734 2337 Ἀντιπάτρου.
763 2268 899 2323 Concedit
916 2269 981 2339 ipse
997 2270 1026 2328 S.
1042 2268 1138 2341 (Philol.

134 2342 231 2412 Suppl.
250 2342 264 2395 Ι
281 2360 309 2411 ρ,
324 2343 433 2410 ὅρια),
456 2340 563 2396 addens
580 2340 703 2410 Dexippi
720 2340 808 2410 ipsius
827 2341 993 2409 fragments
1011 2357 1085 2408 csse,
1100 2338 1139 2408 qui

133 2413 233 2468 fecerit
247 2411 418 2484 Hyperidem
432 2411 605 2479 suadentem,
624 2410 794 2467 Phocionem
808 2410 1026 2467 dissuadentem
1039 2411 1137 2468 bellum
