2392 3960
372 177 422 232 DE
439 176 523 233 HYP.
541 177 773 244 ELOQVENTIA
991 179 1079 234 XLIX

66 329 174 389 νοῑξοι
196 325 237 387 τὰ
259 321 385 401 ὄμματα
408 325 548 403 δύναιτο,
570 327 590 403 ἢ
609 322 872 404 άντοφθαλμῆεοι
894 330 963 389 τοῑε
982 325 1081 390 ἐπαλ-

62 417 178 493 λήλοιε
199 412 325 476 ἐκείνου
348 412 488 477 πάθεειν.

155 507 215 566 Dio
237 505 390 583 Chrysost
414 505 527 582 XVIII,
552 509 607 566 11:
1117 557 1121 563 .

155 593 250 669 Πλὴν
281 591 341 654 οὐκ
374 590 415 655 ἂν
447 590 513 667 ἐγώ
547 611 595 655 cot
622 592 883 670 ευμβουλεύειιιμι
909 591 1081 657 τὰπολλὰ

62 680 196 744 τούτοις
214 679 338 763 (Lysiae
360 687 392 743 et
410 676 620 765 Demostheni)
643 678 859 758 ἐντυγχάνειν,
888 679 960 743 ἀλλ’
977 681 1078 745 Ὑπε-

67 769 158 850 ρείδῃ
180 789 216 832 τε
240 771 364 845 μᾶλλον
386 769 438 831 καὶ
460 767 603 851 Αἰεχίνη·
632 769 758 832 τούτων
781 770 843 846 γὰρ
866 767 1080 848 άπλούετεραί

64 878 102 922 τε
126 857 160 921 αἱ
182 856 331 935 δυνάμει(
357 858 410 920 καὶ
428 856 659 935 εὐληπτότεραι
682 857 715 920 αί
737 858 937 935 καταεκευαί,
967 860 1078 922 καὶτὸ

66 946 188 1010 κάλλοτ
209 949 277 1009 τῶν
300 945 470 1023 ὀνομάτων
492 946 590 1011 οὐδὲν
613 946 746 1010 ἐκείνων
769 946 971 1024 λειπόμενον.

153 1039 359 1115 Hermogenes
386 1036 459 1113 περὶ
489 1035 585 1098 ἰδεῶν
614 1035 682 1113 τόμ
708 1031 739 1115 β’
764 1059 788 1098 e.
812 1041 852 1098 21
878 1061 907 1116 p.
931 1042 996 1100 382
1017 1040 1078 1100 W.:

154 1123 192 1188 ‘0
216 1121 244 1187 δ’
266 1123 460 1202 Ὑπερείδηε
481 1125 521 1188 τὸ
544 1125 602 1201 μέν
625 1124 774 1200 ἐπιμελέε
795 1124 905 1202 ἥκιετα
927 1124 1002 1203 ἔχει,
1027 1127 1077 1188 διὸ

63 1213 118 1276 καὶ
139 1211 238 1290 ἧττον
261 1214 399 1276 δυνατὸε
427 1211 508 1276 εἷναί
535 1232 605 1276 πωε
635 1216 736 1289 δοκεῖ,
765 1214 899 1289 μέγεθοε
927 1215 962 1277 δὲ
990 1213 1078 1297 αὐτῷ

63 1302 150 1366 ἐετιν
172 1301 367 1380 ὑπέρογκον,
391 1303 527 1379 εκληρόν
550 1302 586 1364 δὲ
610 1305 707 1364 resno
730 1302 782 1364 καὶ
805 1301 845 1365 οὐ
873 1304 1078 1381 κεκραμένον,

65 1390 149 1454 ὥετε
173 1392 213 1468 μὴ
237 1391 364 1469 εφόδρα
387 1390 423 1453 εὖ
450 1395 497 1472 τῷ
529 1389 627 1473 ἠθικῷ
658 1390 711 1453 καὶ
742 1395 872 1471 καθαρῷ
903 1394 1078 1470 κεκράεθαι.

63 1479 183 1556 κίνηειε
209 1480 246 1541 δὲ
278 1480 330 1542 καὶ
360 1478 519 1557 γοργότηε
551 1478 720 1558 ιχημάτων
751 1476 837 1541 πάνυ
865 1478 958 1557 ὀλίγη
989 1482 1079 1558 παρὰ

59 1568 181 1651 τούτῳ,
205 1568 351 1646 δεινότηε
374 1569 410 1631 δὲ
432 1568 453 1645 ἡ
476 1568 557 1631 κατὰ
584 1570 723 1645 μέθοδον
746 1566 811 1630 έετι
834 1568 892 1644 μὲν
914 1569 967 1631 καὶ
989 1569 1077 1646 παρὰ

61 1660 138 1720 πᾶει
169 1661 239 1720 τοῑε
274 1655 386 1720 ἄλλοι(
422 1656 550 1737 ῥήτορα
581 1658 635 1720 καὶ
665 1656 753 1734 παρὰ
783 1655 903 1738 τούτῳ,
940 1656 1077 1722 ἔλαττον

58 1747 97 1808 δὲ
120 1747 141 1824 ἢ
164 1744 245 1809 κατὰ
274 1747 333 1824 τὴν
360 1746 448 1823 παρὰ
469 1750 516 1828 τῷ
539 1745 636 1827 Λυκίᾳ
665 1765 701 1808 τε
732 1745 784 1808 καὶ
806 1740 1000 1828 Ἰεοίῳ,,’,καὶ
1030 1745 1077 1810 ἔτι

57 1839 108 1917 τῷ
131 1833 299 1916 κορυφαίῳ
326 1833 447 1913 αὐτῶν,
480 1835 566 1910 λέγω
592 1839 640 1917 τῷ
667 1835 875 1911 Δημοκθένει
917 1830 1009 1913 ’παρὰ
1038 1837 1075 1899 δὲ

55 1922 235 2006 Ὑπερείδῃ
257 1922 406 2002 κάκείνην
429 1923 518 2002 εὕροι
545 1943 592 1986 τι(
620 1923 660 1986 ἂν
683 1925 743 2001 τὴν
767 1922 948 2003 δεινότητα,
975 1927 995 2002 ἣ
1024 1926 1077 1987 καὶ

62 2012 215 2091 φαίνεται
246 2013 299 2075 καὶ
335 2011 431 2089 ἔετιν,
468 2012 541 2091 οὐχὶ
577 2013 636 2090 τὴν
672 2012 753 2075 κατὰ
789 2013 928 2088 μέθοδον
965 2011 1075 2091 μόνην,

62 2101 205 2165 επανίιυε
237 2102 359 2178 μέντοι,
395 2099 480 2164 ὅπου
511 2122 549 2178 γε
585 2101 638 2164 καὶ
673 2100 762 2178 παρὰ
796 2105 844 2183 τῷ
876 2102 1075 2179 Δημοτθένει

127 2326 319 2396 Hermogenes
336 2326 474 2398 Hyperidi
490 2327 565 2382 inter
581 2327 723 2397 principes
741 2332 793 2380 τοῦ
811 2330 954 2380 πολιτικοῦ
972 2327 1069 2397 λόγου,

56 2400 176 2467 excepto
187 2398 386 2468 Demosthene,
398 2398 517 2454 tertium
528 2399 623 2453 loenm
636 2397 772 2467 assignat,
787 2397 954 2466 antepositis
967 2413 1070 2467 nempe

53 2468 144 2538 Lysis
163 2471 196 2524 et
212 2469 301 2524 Isaeo.
338 2471 372 2526 of.
391 2473 538 2540 praeterea
559 2489 588 2540 p.
602 2476 654 2525 387
673 2471 721 2537 (de
739 2467 939 2538 Antiphonte):
962 2470 1070 2534 μεγέθει

56 2544 89 2596 δέ
106 2545 208 2609 χρῆται
225 2544 276 2606 μέν
294 2544 346 2596 οὐκ
364 2542 457 2612 ὀλίγῳ,
477 2547 568 2596 καλῶ(
585 2543 616 2596 δέ
629 2557 690 2595 πιυε
703 2544 747 2594 καί
762 2541 961 2609 ευνυφαεμένῳ
976 2543 1020 2593 καί
1035 2543 1070 2594 οὺ

56 2614 131 2666 κατὰ
146 2613 200 2666 τὸν
219 2613 381 2681 Ὑπερείδην
399 2616 551 2681 διεετηκότι
568 2619 627 2666 ιτθν
645 2614 746 2678 ἄλλων,
770 2612 800 2664 et
818 2630 844 2678 p.
861 2615 912 2664 331
932 2611 968 2665 de
985 2609 1073 2678 Lysia

56 2685 88 2738 et
104 2682 261 2752 Hyperide:
284 2687 364 2753 φόεει
381 2686 435 2752 γὰρ
453 2685 480 2738 oi
498 2687 597 2752 ἄνδρες
614 2685 793 2752 ἠθικώτεροι,
815 2688 877 2737 τοῖε
894 2685 925 2736 δὲ
944 2685 1071 2749 μεθόδοιε

129 2827 206 2880 Inter
214 2826 355 2881 Romanos
364 2825 461 2881 Cicero
470 2824 641 2895 Hyperidem
651 2839 745 2894 saepe,
760 2823 811 2877 sed
820 2822 942 2878 breviter
951 2841 1071 2894 semper,

56 2899 267 2951 oommemoret
305 2898 341 2951 de
364 2900 435 2951 orat
449 2897 501 2966 ΙΙΙ,
516 2902 564 2952 28:
592 2896 762 2951 Semoitotem
787 2897 939 2962 Isocrates,
959 2899 1072 2952 'metrii-

56 2974 141 3024 tmen
158 2967 275 3038 meae,
293 2985 407 3024 acumen
424 2969 594 3038 Ημμιγίόιο,
620 2968 741 3022 sonitum
759 2967 918 3033 Aeschines,
942 2969 997 3022 eim
1015 2968 1072 3022 De-

55 3040 206 3095 nomime
222 3041 328 3094 λοόνίί.
347 3072 380 3080 -
399 3039 478 3094 Brut
494 3044 559 3094 285:
581 3036 752 3109 (Demetrius
769 3036 861 3107 Phae)
880 3044 918 3092 est
935 3041 1072 3106 floridior,

54 3117 88 3165 ui
100 3113 145 3166 ita
158 3112 258 3177 dicem,
271 3128 354 3181 quem
367 3112 533 3182 Hyperides,
545 3127 628 3180 quam
641 3109 753 3179 Lysiae.
763 3138 799 3150 -
813 3107 890 3163 Oret.
902 3114 950 3164 90:
969 3110 1073 3180 Lysiae

54 3184 127 3238 satie
148 3180 280 3252 (facetus)
307 3188 333 3236 et
354 3183 523 3253 Hyperides,
549 3182 686 3236 Demades
712 3186 821 3247 praeter
847 3185 946 3235 eeteros
972 3183 1072 3249 fertur,

54 3254 247 3308 Demosthenes
272 3255 365 3307 mimis
391 3255 513 3309 hebetur.
529 3283 562 3293 -
589 3258 653 3307 110:
678 3250 844 3319 (Demosth.)
870 3252 943 3305 mihil
968 3253 1072 3322 Lysiae

53 3325 209 3380 νιιόίιῖἰίαίι
226 3325 305 3389 cedit,
323 3326 396 3379 ema
409 3324 529 3394 ereutiie
546 3329 572 3379 et
589 3324 715 3378 acumine
728 3322 879 3392 Hyperidi,
897 3324 969 3376 moirti
987 3325 1070 3378 laevi·

53 3402 112 3451 iaie
129 3396 260 3450 nemim
278 3402 304 3450 et
326 3397 469 3465 splendore
490 3398 641 3451 verberum.
659 3425 694 3434 —
712 3394 782 3448 Cum
800 3391 886 3461 Lysia
903 3392 977 3462 Hyp.
997 3411 1071 3447 com-

54 3465 172 3536 ponitur
189 3467 276 3520 etism
294 3466 370 3523 Brut.
386 3474 429 3522 67.
449 3472 496 3534 68;
515 3484 578 3522 cum
595 3465 786 3520 Demosthene
805 3463 863 3517 ibd.
881 3470 939 3518 138.
954 3468 1015 3529 290,
1035 3465 1070 3519 de

57 3541 128 3592 oret
142 3538 171 3603 Ι,
186 3543 230 3593 58.
248 3537 482 3605 Andem.1,1o;
511 3539 547 3592 sb
574 3543 694 3604 utroque
721 3536 805 3592 valde
833 3534 940 3590 distare
967 3534 1071 3589 dieitur

107 3638 260 3690 unumne,
274 3638 392 3678 eomas.
838 3624 856 3676 d
