2392 3960
484 189 694 245 PRAEFATIO
1059 191 1099 246 IX

87 363 160 422 quc,
201 361 299 420 neque
335 343 433 402 multo
466 345 536 419 post
575 342 608 400 in
639 336 798 402 Britannia
830 343 953 402 Samuel
986 344 1100 419 Sbarpe

86 438 118 492 et
141 432 298 492 Ghnrchill
314 431 497 509 Babington,
516 431 562 490 vir
584 431 621 490 dc
638 431 792 508 Hyperide
815 432 964 508 imprimis
987 434 1100 509 optime

84 523 228 598 meritus,
251 540 373 597 operam
395 521 427 578 in
450 521 492 579 eis
515 520 651 596 legendis
678 521 891 597 componendis
918 522 1099 582 adornandis

85 613 317 672 collocaverunt.
368 609 457 669 Anno
490 609 597 668 deinde
631 611 716 669 1853
745 610 897 670 Ardenius
929 629 1017 669 suum
1048 630 1100 672 vo·

83 702 190 759 lumen
211 698 321 775 edidit,
350 698 537 775 splendidius
565 698 657 757 etiam
683 699 983 777 magnificentiusque
1011 720 1103 776 quam

87 788 247 848 Harrisius
269 788 383 846 fecerat
405 787 593 864 lithographi
615 790 681 847 arte
700 807 883 865 expressum,
905 790 1004 848 colore
1028 807 1101 865 quo-

86 897 147 955 que
175 877 284 954 papyri
310 877 455 953 rimisque
482 876 622 936 omnibus
650 895 767 936 summa
794 877 954 952 diligentia
980 877 1102 954 affictis,

86 967 251 1027 adiunctus
274 969 341 1026 erat
362 965 594 1025 commentarius
621 965 820 1043 Babingtonis
847 965 1103 1041 locupletissimus

86 1060 248 1133 ceteraque
271 1073 347 1132 quae
370 1055 584 1114 adorationes
610 1054 753 1131 legendas
776 1056 988 1132 perpoliendas
1014 1056 1102 1114 resti-

84 1145 215 1204 tuendas
241 1144 434 1219 pertinebant
464 1144 502 1203 ab
535 1144 640 1203 eodem
671 1144 835 1219 diligenter
866 1146 1009 1204 confecta
1055 1145 1104 1203 In-

87 1239 178 1311 tegra
200 1252 277 1310 quae
300 1233 361 1291 iam
383 1232 536 1308 prodierat
559 1233 654 1291 oratio
678 1233 826 1309 simulque
850 1234 952 1308 ampla
978 1234 1103 1292 alterins

85 1341 158 1399 pars
190 1323 286 1381 multo
318 1321 416 1380 maius
446 1323 539 1381 etiam
575 1320 710 1380 studium
745 1321 857 1398 ubique
887 1325 1102 1383 evocaverunt:

88 1411 237 1470 editorem
260 1411 440 1469 Britannum
463 1411 559 1470 secuti
578 1411 697 1469 suntin
716 1409 878 1470 Germania
895 1410 1104 1471 Schneidewin

92 1505 124 1559 et
146 1499 266 1574 Caesar,
289 1500 321 1557 in
340 1499 470 1558 Batavia
491 1497 593 1572 Cobet,
618 1500 698 1574 apud
722 1498 833 1558 Succos
856 1519 974 1576 quoquo
992 1499 1104 1558 Lindcr

91 1592 123 1648 et
144 1588 178 1647 in
199 1588 291 1647 Italia
314 1587 513 1664 Comparetti,
536 1589 589 1664 qui
611 1588 723 1663 partim
746 1591 907 1664 utramque
930 1590 1104 1665 orationem,

88 1677 204 1754 partim
226 1678 452 1753 Euxenippeam
474 1678 570 1736 solam
593 1677 828 1736 emendatiorem
850 1677 1104 1754 integrioremque

88 1766 215 1825 reddere
251 1767 442 1825 studuerunt
497 1766 575 1824 Tum
611 1784 689 1825 anno
719 1767 804 1826 1857
834 1766 931 1825 oratio
968 1767 1104 1826 funebris

89 1855 129 1914 ab
152 1855 256 1915 eodem
275 1854 466 1932 Babingtone
489 1855 615 1931 parique
638 1854 796 1930 splendore
819 1855 1004 1931 alquerillae
1027 1856 1104 1914 duae

92 1944 175 2003 edita
211 1947 271 2020 est,
307 1963 398 2019 quam
429 1950 534 2018 postea
566 1947 781 2003 recensuerunt
813 1943 946 2019 Sauppe,
978 1944 1106 2021 Kayser,

91 2033 158 2091 Tell
181 2033 213 2091 in
232 2032 402 2108 Germania,
425 2033 506 2108 apud
524 2033 657 2092 Batavos
676 2030 778 2104 Cobet,
800 2051 890 2108 porro
909 2032 1007 2092 Italus
1025 2034 1105 2092 idem

92 2121 281 2198 Comparetti
311 2125 342 2180 et
371 2121 562 2197 Francogalli
591 2120 734 2197 Deheque
765 2125 796 2180 et
826 2120 970 2182 Caffiaux.
1015 2122 1105 2180 Multi

92 2213 252 2286 praeterea
273 2211 409 2269 homines
433 2210 514 2270 docti
532 2210 579 2269 his
598 2210 783 2269 orationibus
800 2209 963 2286 Hyperidis
982 2230 1105 2287 operam

89 2302 256 2372 naverunt,
297 2317 425 2376 quorum
463 2298 734 2359 enumerandomm
769 2302 877 2374 postea
912 2300 995 2358 locus
1037 2299 1104 2358 erit

90 2387 298 2463 Philippideae
326 2390 429 2447 autem
456 2387 548 2447 editio
575 2389 713 2464 princeps
741 2388 779 2447 ab
807 2388 952 2447 orationis
970 2387 1106 2446 funebris

93 2477 222 2555 integris
245 2477 374 2555 triginta
390 2480 537 2553 quattuor
555 2477 641 2536 annis
659 2476 790 2536 discreta
808 2481 866 2552 est,
889 2476 1004 2551 prodiit
1026 2477 1106 2535 enim

91 2585 152 2624 una
175 2585 244 2625 cum
268 2565 390 2625 Heroda
419 2567 547 2643 aliisque
577 2566 691 2624 chartis
711 2565 854 2625 Londinii
876 2583 903 2624 a.
928 2567 1024 2640 1891,
1056 2585 1106 2625 cu-

92 2658 179 2714 rante
197 2655 263 2715 viro
278 2654 314 2714 de
328 2655 440 2714 litteris
454 2656 570 2733 graecis
583 2655 743 2731 insigniter
757 2655 864 2713 merito
878 2654 912 2713 1⁴¹.
922 2654 957 2715 G.
971 2655 1106 2730 Kenyon.

93 2743 151 2803 Pro
175 2744 338 2820 specimine
366 2745 533 2821 scripturae
557 2744 699 2803 adiuncta
721 2748 768 2802 ost
786 2743 893 2802 tabula
909 2744 1107 2820 phototypica

59 2824 66 2832 ’
93 2836 158 2891 arte
186 2851 339 2910 expressa,
371 2853 431 2910 qua
459 2837 611 2893 extremae
634 2832 712 2891 duae
735 2833 891 2891 columnae
919 2833 1105 2892 exhibentur.

92 2921 166 2981 Post
179 2921 355 2998 Kenyonem
373 2922 531 2982 ediderunt
548 2923 580 2981 in
593 2921 722 2980 Batavia
734 2920 827 2980 Henr.
843 2941 901 2980 van
915 2921 1107 2997 Herwerden,

96 3010 128 3069 in
145 3010 246 3070 Gallia
263 3011 357 3070 Henr.
375 3010 464 3088 Weil,
488 3031 544 3088 ego
567 3012 632 3086 ipse
656 3011 688 3069 in
707 3009 877 3087 Germania,
899 3010 931 3069 in
948 3010 1108 3068 Britannia

95 3100 177 3160 idem
206 3100 318 3159 iterum
341 3099 481 3177 Kenyon3
512 3100 635 3158 minime
666 3103 767 3159 autem
783 3100 962 3164 ‚mirandum
984 3102 1044 3176 est,
1077 3106 1108 3158 et

95 3190 291 3248 Aristotelem
314 3191 345 3248 et
362 3189 516 3249 Herodam
538 3188 641 3248 codem
663 3189 726 3247 fere
748 3191 885 3265 tempore
907 3188 1046 3247 inventos
1069 3189 1107 3247 ad

93 3295 124 3337 se
147 3278 309 3355 plerosque
338 3282 419 3338 totos
449 3279 641 3339 convertisse.
688 3278 842 3355 Eugenius
864 3277 1019 3336 Revillout
1041 3296 1107 3336 ora-

93 3368 184 3428 tionis
214 3367 252 3426 ab
281 3386 313 3427 se
345 3368 486 3427 inventae
509 3368 641 3443 primum
672 3368 747 3425 duas
780 3368 935 3426 columnas
966 3359 1107 3445 (tertiam

96 3448 310 3535 quartamque)
332 3457 447 3533 publici
465 3457 541 3516 iuris
559 3457 633 3515 fecit
656 3457 803 3530 a.1889;
827 3454 896 3513 dein
919 3458 1016 3514 totam
1039 3473 1108 3512 cum

94 3545 310 3612 cdmmentario
329 3546 431 3622 amplo
450 3545 545 3605 edidit
562 3545 666 3605 eodem
685 3545 738 3604 illo
758 3563 835 3604 anuo
857 3546 956 3618 1891;
979 3542 1108 3619 denique
