2378 3944
203 154 345 211 ARGVM.
364 153 586 211 ORATIONVM
602 154 789 211 BREVITXR
805 154 934 212 DESCR.
1013 157 1077 212 LIII

152 304 201 366 Or.
219 305 272 367 IV.
309 305 382 365 Post
404 313 537 384 pugnam
560 306 798 366 Chaeronensem
820 326 983 385 pacemque
1007 326 1076 368 cum

59 395 204 472 Philippo
226 396 340 454 factam
363 413 432 454 cum
454 395 640 472 temporibus
665 395 856 456 serviendum
878 399 965 471 esset,
989 399 1020 456 et
1043 397 1075 455 in

59 485 239 563 Philippum
266 487 297 543 et
323 483 355 542 iu
382 483 589 544 Alexandrum
615 484 750 562 aliosque
778 475 955 544 Macedones
984 486 1075 544 hono·

59 574 147 633 rifica
170 575 291 633 decreta
308 571 436 631 Athenis
455 574 574 649 perlata
592 576 671 650 sunt,
695 573 803 650 quibus
821 593 859 632 ne
877 574 936 649 ipsi
954 574 1076 650 quidem

60 663 196 739 partium
219 661 412 739 popularium
435 665 571 723 oratores
601 663 746 722 obsistere
774 664 823 723 vel
845 664 1008 722 voluerunt
1026 663 1076 723 vel

60 754 241 828 potuerunt,
270 751 407 828 quamvis
435 751 517 829 leges
541 753 689 829 quaedam
712 751 754 811 eis
778 752 907 811 decretis
930 751 1074 828 infringe·
1100 747 1106 760 ’

59 844 176 900 rentur.
223 840 335 899 Tamen
358 857 427 898 cum
449 841 614 901 verendum
632 844 712 900 esset
730 840 926 900 Macedonum
948 840 1076 899 fautori-

64 930 133 1005 bus,
155 947 195 988 ne
217 924 371 1002 πρόεδροι
394 929 550 1006 contionis,
574 929 627 1007 qui
645 929 681 988 de
700 930 828 989 decretis
850 929 912 989 illis
930 929 1075 1006 populum

61 1019 95 1078 in
118 1017 297 1094 suffragium
319 1017 473 1091 miserant,
496 1021 606 1098 γραφῇ
630 1018 802 1097 apocopum]
830 1022 1017 1094 peterentur,
1044 1018 1076 1077 id

58 1112 97 1167 ut
111 1109 317 1167 anteverteret
330 1106 517 1183 Philippides
532 1108 720 1184 rogationem
738 1107 821 1184 tulit,
840 1126 900 1184 qua
918 1107 1075 1183 prohedris

57 1215 173 1257 corona
195 1195 420 1274 decernebatur,
442 1197 513 1272 quia
537 1215 605 1255 cum
628 1215 744 1255 summa
767 1215 839 1273 erga
861 1197 1007 1272 populum
1030 1197 1075 1255 iu·

58 1285 150 1346 stitia
178 1285 400 1361 secundumque
423 1284 505 1361 leges
533 1304 655 1344 munere
679 1303 733 1344 suo
757 1284 853 1344 fimcti
876 1288 983 1344 essent.
1019 1285 1076 1344 Est

56 1377 165 1435 autem
183 1375 239 1433 hoc
257 1373 499 1449 antiquissimum
516 1374 588 1433 talis
607 1373 835 1434 collaudationis
858 1374 1076 1450 prohedrorum

58 1463 246 1539 exemplum,
274 1463 354 1539 quod
385 1463 505 1539 quidem
531 1463 617 1522 nobis
644 1465 751 1521 notum
781 1455 869 1545 sit.*)
916 1462 975 1521 Sed
1006 1462 1076 1522 huic

57 1551 213 1630 rogationi
236 1551 333 1610 altera
361 1554 515 1610 oratorum
533 1571 603 1627 pars
622 1551 828 1611 obsistendum
847 1553 973 1629 censuit,
997 1551 1076 1611 sicut

58 1640 184 1701 obstitit
206 1638 273 1698 aliis
297 1657 424 1718 quoque,
448 1659 524 1717 quae
548 1643 579 1718 et
600 1640 691 1700 nimis
713 1644 819 1716 turpes
837 1660 933 1717 neque
952 1643 1076 1716 propter

57 1733 199 1806 tempora
235 1729 421 1788 necessariae
457 1729 641 1791 viderentur.
685 1729 792 1806 Itaque
829 1731 939 1809 γραφῇ
972 1746 1073 1803 παρα-

56 1815 171 1893 νόμων
195 1819 300 1877 auctor
321 1817 490 1894 rogationis
522 1818 637 1893 petitus
661 1821 721 1895 est,
753 1822 784 1877 et
813 1819 844 1876 in
872 1818 983 1877 iudicio
1007 1837 1076 1877 eum

56 1909 113 1968 alii
131 1911 198 1966 tum
216 1906 384 1982 Hyperides
407 1925 478 1966 eum
495 1909 721 1968 accusaverunt.
767 1907 846 1966 Acta
864 1909 911 1966 est
929 1926 965 1966 ea
983 1925 1075 1966 causa

57 2017 85 2057 a.
103 1997 156 2057 vel
180 1997 243 2055 337
267 1995 317 2055 vel
341 1997 419 2071 336,
451 1998 531 2055 certe
554 1997 695 2072 Philippo
718 1996 804 2072 viv03
838 2015 905 2055 oum
935 1996 1015 2054 enim
1038 1995 1074 2054 de

57 2105 96 2145 eo
120 2085 237 2144 dictum
264 2085 304 2143 sit
332 2075 402 2164 (col.
421 2085 455 2159 5,
481 2088 499 2143 7
524 2077 616 2162 sqq.):
644 2082 681 2144 ἓν
709 2081 767 2158 μὲν
796 2084 884 2158 ςῶμα
911 2079 1074 2144 ἀθάνατον

57 2169 242 2247 ὑπείληφα(
274 2168 409 2247 torreor,
440 2174 497 2232 hoc
524 2169 705 2247 ὑπείληφα(
732 2173 752 2232 i.
777 2193 793 2233 e
814 2179 906 2248 potos
934 2166 1074 2250 (minime

51 2265 171 2338 putasti
203 2261 251 2321 vel
273 2253 418 2342 putabas)
451 2263 611 2322 manifesto
641 2262 774 2322 declarat
807 2281 873 2320 eam
903 2262 1074 2337 opinionem

57 2351 194 2412 nondum
209 2350 331 2428 reipsa,
351 2350 447 2409 occiso
466 2351 582 2410 scilicet
595 2351 745 2428 Philippo,
759 2352 925 2410 refutatam
940 2341 1073 2430 esse.**)

59 2440 175 2500 Similis
198 2439 370 2516 argumenti
399 2439 592 2517 eiusdemque
621 2440 686 2499 fere
715 2440 858 2516 temporis
889 2438 985 2498 oratio
1008 2437 1072 2514 Hy·

57 2528 172 2605 peridis
200 2523 280 2587 κατὰ
304 2522 460 2601 Δημάδου
484 2529 557 2606 fuit,
585 2529 666 2588 dicta
694 2529 838 2589 adversus
862 2527 1004 2586 Demadis
1027 2547 1074 2586 ro-

57 2619 214 2696 gationem
235 2616 333 2693 illam,
357 2636 417 2692 qua
439 2618 621 2694 Euthycrati
645 2615 788 2694 Olynthio
811 2617 938 2676 honores
962 2615 1076 2675 decreti

57 2709 154 2765 erant.
200 2705 245 2765 De
268 2704 438 2781 Philippide
460 2706 510 2765 vix
533 2707 694 2784 quicquam
720 2709 825 2764 notum
853 2705 933 2781 quod
959 2725 1020 2764 non
1043 2705 1075 2763 in

57 2797 115 2855 hac
139 2795 274 2854 oratione
296 2795 346 2853 uel
370 2796 466 2853 exstet
488 2797 537 2856 vel
556 2795 707 2855 exstiterit
726 2786 767 2874 (v.
788 2795 826 2853 ad
844 2795 909 2853 init.
929 2813 970 2853 or.
990 2796 1072 2853 locos

58 2876 237 2964 Athenaei).
283 2882 379 2942 Valde
402 2884 543 2943 mutilata
575 2884 613 2942 ad
645 2901 700 2942 nos
732 2883 883 2963 pervenit3
914 2902 985 2942 nam
1016 2882 1074 2942 etsi

58 2975 183 3050 longam
213 2991 274 3030 non
305 2971 398 3030 fuisse
421 2972 453 3030 iu
480 2976 546 3049 ipsa
569 2966 698 3053 (colii,
718 2974 760 3031 20
780 2967 854 3050 sqq.)
879 2972 1073 3050 significetur,

61 3064 173 3139 quippe
197 3079 273 3137 quae
296 3079 358 3118 una
380 3079 417 3118 ex
439 3063 644 3137 compluribus
662 3061 694 3119 in
712 3062 839 3120 eundem
857 3081 944 3120 reum
962 3061 1073 3121 habitis
1130 3060 1134 3067 ’

10 3198 18 3209 .
62 3201 65 3205 ι
128 3231 175 3335 ἐ)
195 3230 229 3286 V.
248 3229 382 3284 Koehlcri
405 3229 612 3312 dissertationis
636 3232 731 3312 (supra
750 3249 777 3300 p.
792 3230 946 3299 XXXVIII)
970 3249 997 3300 p.
1013 3168 1104 3284 936.Ἰκ

56 3305 180 3428 uereri
195 3301 799 3453 illidi?leullilieqltlllnlssdtttl
813 3301 1075 3442 titillat

56 3443 197 3499 Ruehlius
225 3446 261 3511 (v.
281 3443 353 3512 1bd.)
382 3445 412 3497 et
435 3446 502 3525 post
526 3442 632 3499 bellum
654 3444 818 3499 lamiacum
844 3445 1000 3498 orationem
1026 3442 1072 3495 de·

55 3515 148 3571 trudit
166 3516 196 3571 et
212 3513 351 3584 Hyperidi
369 3516 464 3570 demrt.
