2378 3944
430 139 702 193 ΑΠΟΕΠΑΕΜΑΤΙΑ
1009 140 1021 200 1
1033 139 1071 200 13

147 283 320 348 Praeterea
347 284 422 347 huic
451 279 592 348 orationi
620 281 651 348 S.
671 284 852 366 assignavit
881 283 980 347 etiam
1010 284 1071 370 frg.

52 374 143 460 quod
167 376 274 438 exstat
292 395 342 455 ap.
362 371 444 436 Poll.
464 372 494 456 3,
514 372 570 457 795
594 395 622 436 v.
640 372 701 458 frg.
721 373 783 437 inc.
805 372 878 437 200.

218 531 321 597 XXII.
344 533 453 597 ΠΡΟ(
478 534 642 598 ΕΠΙΚΛΕΑ
665 534 754 598 ΠΕΡΙ
780 534 911 598 ΟΙΚΙΑΕ.
1082 554 1127 593 xx

150 657 223 722 101.
247 656 411 741 Γρύλλος·
439 656 515 720 Ὑπ.
540 658 576 721 ἐν
599 663 645 741 τῷ
669 659 751 736 πρὸς
774 656 838 723 Ἐπ.
863 680 894 722 π.
919 658 984 722 οἰκ..
1010 659 1071 723 Ξε-
1087 679 1128 720 ιιι

52 750 230 827 νοφῶντος
257 751 316 810 τοῦ
340 747 539 823 (ωκρατικοῡ
568 745 630 810 υἱοὶ
655 748 793 825 Γρύλλος
821 748 872 811 καὶ
896 747 1073 826 Διόδωρος.
1175 830 1178 836 ⁴

53 837 216 919 Harpocr.

151 925 224 989 102.
248 922 453 1007 διάγραμμα·
476 923 551 987 Ὑπ.
576 924 613 988 ἐν
635 929 681 1009 τῷ
700 925 782 1003 πρὸς
805 923 877 989 Ἐπ..
901 927 939 989 τὸ
962 925 1074 989 ταττό-
1089 947 1130 987 ιιν

55 1035 161 1094 μενον
184 1014 220 1077 ἐν
243 1018 313 1077 ταῖς
337 1012 519 1091 ςυμμορίαις
542 1012 664 1078 ὁπόςον
688 1014 821 1078 ἕκαςτον
844 1012 947 1092 ἄνδρα
970 1015 1075 1093 εἰςφέ-

55 1124 127 1184 ρειν
152 1107 209 1166 δεῖ.
255 1100 413 1184 Harpocr.

153 1191 225 1255 103.
244 1185 390 1277 Ὑπερρία
419 1187 583 1275 ἐπαίρειν,
612 1192 663 1254 καὶ
691 1187 825 1273 στέφειν
852 1191 892 1255 τὰ
916 1192 1076 1275 οἰκήματα
1090 1215 1131 1255 ιιο

59 1282 110 1357 εἰς
132 1280 195 1362 τὴν
220 1278 313 1361 ὁδόν,
337 1281 389 1344 καὶ
411 1280 469 1354 τὰς
491 1283 657 1355 πλίνθους
680 1279 879 1362 ἀναβάλλειν
902 1283 985 1362 πρὸς
1007 1280 1078 1366 ἀρι-

56 1372 163 1454 θμόν.
205 1369 291 1432 Ὑπ.
316 1367 377 1446 γὰρ
401 1369 507 1451 ἐντῷ
530 1370 611 1448 πρὸς
635 1368 699 1433 Ἐπ.
723 1368 817 1434 ταῦτ’
840 1368 972 1449 εἴρηκεν.
997 1369 1078 1434 Poll.

61 1458 145 1536 VII,
169 1457 242 1522 119.
269 1494 306 1503 -
333 1456 430 1534 ἔργον
460 1458 495 1520 δὲ
524 1462 582 1522 τοῦ
610 1458 782 1538 οἰκοδόμου
810 1459 921 1523 καὶτὸ
944 1458 1079 1545 ὑπερῷα

59 1547 197 1633 ἐγεῖραι,
221 1546 266 1609 ὡς
288 1546 365 1609 Ὑπ.
391 1545 463 1625 ἔφη.
509 1549 530 1626 ξ
557 1546 628 1611 125.

180 1704 301 1771 XXIII.
324 1707 413 1771 ΠΕΡΙ
439 1705 520 1771 ΤΩΝ
545 1707 764 1772 ΕΥΒΟΥΛΟΥ
787 1707 962 1773 ΔΩΡΕΩΝ.
1061 1730 1134 1770 xxn

156 1829 203 1896 Of.
227 1829 328 1912 Harp.
348 1853 372 1893 s,
392 1853 421 1895 v.
440 1829 600 1909 Εὔβουλος
624 1835 657 1894 εί
680 1830 779 1896 schol.
799 1830 913 1897 Aesch.
932 1834 962 1916 2,
982 1833 1010 1898 8.

158 1920 231 1985 104.
254 1941 284 1983 ν.
306 1918 368 2003 frg.
391 1918 443 1983 95.
1095 1944 1135 1984 ιιι

160 2008 232 2072 105.
257 2004 391 2091 Ἑρμαῖ·
428 2008 571 2086 Αἰςχίνης
602 2009 638 2071 ἐν
670 2013 716 2092 τῷ
748 2009 828 2073 κατὰ
859 2011 1080 2090 Κτηςιφῶντος
1095 2035 1135 2073 ιοο

27 2122 43 2144 ⁸
59 2100 116 2164 καὶ
143 2098 216 2161 Ὑπ.
240 2098 277 2161 ἐν
306 2101 352 2180 τῷ
382 2098 455 2175 περὶ
484 2100 551 2161 τῶν
581 2097 650 2176 Εὐβ.
675 2101 816 2176 δωρεῶν.
868 2102 1033 2179 Μενεκλῆς
1060 2103 1080 2179 ἢ

63 2185 280 2265 Καλλικράτης
304 2186 340 2248 ἐν
367 2191 413 2269 τῷ
442 2186 516 2263 περὶ
537 2183 682 2263 Ἀθηνῶν
709 2186 828 2267 γράφει
855 2190 961 2251 ταυτί·
993 2188 1080 2267 ,ἀπὸ

65 2277 129 2353 γὰρ
153 2281 209 2355 τῆς
231 2274 384 2350 Ποικίλης
407 2276 459 2338 καὶ
485 2279 542 2354 τῆς
568 2279 627 2338 τοῦ
658 2277 809 2354 βαςιλέως
833 2280 926 2340 ςτοᾶς
950 2277 1027 2340 εἰςὶν
1051 2277 1081 2341 οἱ

61 2365 174 2442 Ἑρμαῖ
196 2364 415 2441 καλούμενοι.“
461 2362 618 2447 Harpocr.

157 2453 227 2517 106.
252 2452 464 2534 Πενιηκοσιὴ
493 2454 545 2516 καὶ
571 2453 893 2533 πενιηκοσνεύεσθαι
920 2456 972 2518 καὶ
999 2475 1076 2520 πεν-
1091 2479 1130 2519 ιιι

11 2546 15 2557 ’
62 2542 309 2627 νηκοσιολόγοι.
336 2578 373 2586 -
399 2546 500 2605 ταῦτα
524 2539 552 2605 δ’
575 2540 658 2604 ἔςτιν
682 2542 788 2620 εὑρεῖν
812 2542 848 2605 ἔν
875 2563 910 2606 τε
933 2548 979 2627 τῷ
1002 2544 1083 2608 κατὰ

66 2631 203 2698 Μειδίου
237 2632 287 2694 καὶ
324 2631 360 2693 ἐν
393 2635 439 2713 τῷ
473 2631 554 2708 πρὸς
586 2633 644 2710 τὴν
677 2630 833 2709 Λακρίτου
864 2636 1083 2713 παραγραφὴν

63 2721 307 2799 Δημοςθὲνους,
340 2720 392 2782 καὶ
418 2719 493 2782 Ὑπ.
517 2719 553 2782 ἐν
581 2724 627 2802 τῷ
657 2720 730 2798 περὶ
757 2723 824 2783 τῶν
847 2720 916 2799 Εὐβ.
940 2725 1081 2801 δωρεῶν.

64 2847 109 2856 -
135 2807 293 2891 Harpocr.

348 2928 467 2994 XXIV.
490 2932 599 2996 ΠΡΟ(
624 2931 799 2997 ΘΑΈΙΟΥΕ.
1055 2957 1139 2997 xxm

10 3098 21 3171 ρ
158 3054 327 3138 Kiessling
351 3054 477 3120 confert
500 3053 725 3139 Dem.12,17
751 3061 784 3120 et
806 3057 859 3142 50,
882 3060 927 3124 20
950 3081 1021 3144 sqq.

19 3178 26 3185 ··
161 3146 232 3210 107.
256 3143 373 3219 Εὐθὺς
401 3139 439 3207 δὲ
465 3144 643 3227 ναριιεύειν
673 3145 806 3230 ἀγαθὴν
836 3145 892 3212 καὶ
923 3153 1081 3232 πλείστην
1096 3171 1137 3211 ιιι

63 3236 192 3322 χώραν.
238 3234 357 3298 Pollux
381 3234 411 3316 7,
436 3233 508 3296 149.

143 3431 192 3481 101
216 3428 318 3493 γρύλος
339 3423 465 3479 ABDEL.
491 3455 522 3467 -
548 3432 599 3481 102
625 3428 797 3501 Ὑπερείδης]
824 3429 969 3499 ίςοκράτης
991 3429 1026 3484 N.
1050 3462 1084 3470 -

66 3504 122 3555 105
141 3496 271 3552 Aeschin.
290 3504 321 3565 3,
341 3501 400 3553 183.

123 3598 274 3650 Hmmnxs,
289 3596 324 3636 ed.
334 3595 409 3637 Βίοις.
854 3595 874 3642 Q
