2378 3944
117 185 169 240 XX
521 183 729 239 PRAEFATIO

24 348 156 412 noncupato
261 333 353 412 513.
380 336 565 395 Accedamus
588 336 650 394 iam
672 337 710 394 ad
733 337 859 396 tertium
881 338 1030 412 volumen,
1056 339 1142 413 quod

29 404 153 498 v⁰¹¹¹fflf¹¹¹⁸
173 444 241 484 cum
278 425 444 485 inventoris
475 444 584 484 nomen
617 444 676 484 non
708 428 828 500 praesto
862 425 902 484 sit
933 427 981 484 vel
1014 418 1056 483 Α1
1089 428 1142 486 vel

165 512 372 574 'Londiniense
391 514 574 574 vocabimus.
611 513 750 573 Vidimus
774 515 905 590 priorem
928 517 1050 574 tantum
1075 515 1141 574 eius

121 609 238 679 partem
257 603 295 662 ad
313 602 499 680 Hyperidem
516 594 677 681 pertinere,
700 603 828 662 alteram
851 607 951 662 autem
971 602 1009 662 ad
1027 603 1140 665 Demo-

121 694 271 767 sthenem,
299 711 395 768 neque
422 692 544 769 scripsit
566 696 725 768 utramque
750 693 854 751 eadem
881 711 1002 769 manus,
1032 712 1142 770 quam-

122 800 213 859 quam
246 781 409 840 correxisse
442 781 563 841 videtur
594 778 741 856 priorem'
762 781 867 841 eadem
902 800 979 856 quae
1017 783 1141 859 scripsit

122 871 259 930 alteram.
304 869 442 928 Vacuum
470 870 603 947 spatium
630 870 778 945 amplum,
807 871 839 928 in
869 870 1063 930 latitudinem
1091 872 1142 932 vel

121 959 206 1035 pedis
234 959 335 1032 unius,
363 959 444 1018 inter
472 959 531 1018 duo
561 959 674 1035 scripta
700 960 840 1018 relictum
868 963 927 1035 est3
959 959 1013 1018 sed
1039 980 1141 1038 neque

123 1047 304 1124 subscriptio
335 1051 479 1107 consueta
512 1046 699 1125 Hyperideae
731 1049 860 1108 orationi
890 1048 1009 1107 adiecta
1040 1068 1141 1127 neque

122 1137 280 1213 inscriptio
304 1136 452 1212 epistulae
475 1138 733 1196 Demosthenicae.
770 1138 851 1196 Num
875 1136 971 1215 igitur
993 1138 1042 1197 hic
1067 1158 1140 1216 quo·

123 1244 181 1303 que
209 1226 287 1284 liber
314 1226 346 1285 in
373 1245 463 1285 usum
489 1227 643 1303 privatum
672 1226 802 1303 scriptus
831 1226 896 1286 est‘?
941 1226 1021 1285 Nam
1047 1229 1142 1287 etiam

122 1314 204 1390 quod
235 1315 446 1374 miscellaneus
475 1319 521 1374 est
548 1334 645 1391 neque
672 1316 764 1374 unius
796 1315 942 1391 auctoriS,
975 1316 1018 1374 sic
1050 1316 1141 1376 facile

124 1403 266 1480 explicari
284 1404 413 1465 videtur.
450 1404 493 1463 At
512 1409 612 1463 cetera
635 1404 735 1464 omnia
759 1424 828 1464 eum
851 1423 941 1481 quam
964 1406 1141 1483 longissime

124 1494 161 1551 ab
180 1493 236 1552 hoc
254 1512 363 1569 genere
382 1496 536 1570 separant3
559 1494 609 1554 rel
628 1494 709 1552 enim
733 1493 859 1552 similem
883 1493 1050 1571 reperimus
1076 1514 1142 1555 esse

123 1581 289 1641 Ardeniani
317 1582 388 1641 libri
414 1583 464 1643 vel
492 1583 584 1641 etiam
611 1583 663 1641 illo
693 1582 886 1659 superiorem.
933 1581 1010 1641 Sunt
1038 1587 1141 1644 autem

124 1670 217 1729 etiam
239 1672 318 1730 inter
340 1672 529 1730 membranas
552 1674 672 1730 nostras
692 1671 876 1731 miscellanei
900 1671 1017 1732 codices
1041 1674 1140 1746 multi,

124 1761 156 1817 et
173 1760 205 1818 in
222 1759 289 1834 ipsa
308 1760 491 1820 Alexandria
508 1760 672 1821 traduntur
689 1760 782 1820 fuisse
801 1762 899 1819 multa
917 1761 1002 1819 milia
1023 1757 1141 1836 βίβλων

126 1847 295 1927 (υμμιγῶν,
322 1868 503 1926 quamquam
530 1851 586 1909 hoc
613 1850 725 1925 ipsum,
753 1850 834 1925 quod
862 1869 966 1908 eorum
993 1850 1142 1911 librorum

20 1932 22 1937 ’
124 1956 242 1996 summa
270 1937 438 2014 quadruplo
467 1938 563 1998 maior
588 1938 721 1997 traditur
746 1957 837 2015 quam
860 1933 975 1997 ἁπλῶν
998 1936 1051 1998 καὶ
1076 1935 1142 2016 ἀμι-

123 2025 201 2099 γῶν,
228 2027 365 2103 profecto
395 2027 502 2086 suadet
524 2030 560 2086 ut
583 2027 673 2086 aliam
696 2027 851 2106 notionem
874 2028 930 2086 sub
953 2028 1010 2088 hoc
1035 2045 1140 2104 ευμμι-

123 2113 192 2185 γῶν
212 2116 412 2193 appellatione
431 2116 527 2176 latere
549 2117 742 2192 suspicemur.
778 2115 843 2175 Hoc
866 2117 962 2194 igitur
984 2117 1141 2177 mittamus

124 2195 236 2286 (neque
260 2204 338 2264 enim
362 2205 532 2282 quaerendo
556 2205 715 2281 quicquam
738 2198 957 2286 proficiemus);
984 2206 1141 2266 videamus

125 2295 233 2354 cetera.
280 2292 394 2352 Charta
423 2297 469 2352 est
499 2294 677 2353 tenuissima
709 2297 799 2372 atque
831 2294 956 2371 optima,
991 2297 1142 2372 scriptura

124 2376 280 2461 utriusque
312 2401 419 2441 manus
452 2382 540 2443 valde
571 2383 708 2461 elegans,
741 2383 866 2443 alterius
897 2383 1031 2460 quidem,
1065 2405 1140 2462 quae

124 2471 358 2532 Demosthenem
381 2471 513 2550 scripsit,
537 2473 629 2532 etiam
648 2472 804 2549 minutior3
832 2473 1005 2531 litterarum
1028 2473 1139 2534 formae

87 2577 90 2583 ·
124 2560 237 2636 partim
269 2561 391 2620 eaedem
418 2563 509 2638 atque
536 2562 568 2619 in
596 2561 637 2637 A,
668 2564 781 2637 partim
812 2561 988 2638 peculiares.
1034 2564 1140 2623 Manus

126 2648 247 2724 quidem
279 2666 300 2709 α
332 2640 390 2731 (sic
419 2652 499 2709 enim
525 2650 658 2727 priorem
685 2642 888 2731 appellemus)
921 2651 1054 2726 primum
1087 2655 1140 2712 hoc

125 2737 230 2815 habet,
258 2738 338 2814 quod
365 2739 477 2799 litteris
500 2736 538 2815 Α,
562 2736 608 2810 Δ,
637 2739 728 2798 etiam
752 2737 775 2799 Β
800 2759 818 2799 a
845 2741 1077 2816 sinistrapa1te
1101 2743 1141 2800 in·

125 2825 234 2885 feriore
258 2828 346 2903 quasi
368 2829 473 2907 laquei
496 2828 616 2903 parvuli
639 2828 752 2905 appioti
776 2833 858 2899 sunt,
887 2833 1027 2888 manente
1051 2831 1140 2909 ductu

125 2915 246 2974 litterae
275 2915 411 2994 sinistr03
439 2920 560 2977 exstant
587 2916 710 2976 eaedem
733 2917 947 2993 appendiculae
970 2918 1140 2980 litterarum

126 3000 152 3062 Α
175 3007 206 3062 et
228 3001 261 3064 Δ
289 3007 380 3064 etiam
407 3006 439 3064 in
468 3006 499 3083 β,
528 3009 600 3066 sunt
627 3007 730 3065 autem
757 3006 800 3065 ibi
827 3007 937 3065 mirum
964 3007 996 3066 in
1018 3009 1139 3068 modum

126 3096 291 3168 porrectae.
324 3091 466 3153 Ceterum
488 3095 520 3154 in
545 3096 562 3170 β
585 3095 688 3154 littera
710 3091 735 3153 Α
759 3114 848 3172 saepe
875 3096 967 3154 etiam
989 3100 1140 3157 vetustam

126 3182 255 3241 formam
282 3183 507 3260 epigraphicam
529 3184 631 3259 habet,
659 3203 677 3242 a
706 3203 765 3261 qua
792 3186 945 3244 interdum
966 3204 1004 3244 ne
1034 3202 1055 3245 α
1079 3186 1140 3262 qui-

128 3269 196 3329 dem
224 3290 330 3331 manus
359 3271 402 3331 ita
429 3273 517 3350 longe
546 3273 646 3348 abest3
679 3275 771 3333 semel
799 3279 901 3333 autem
928 3274 959 3331 in
989 3275 1139 3351 Hyperide

55 3435 59 3444 Ι
127 3360 247 3419 cursiua
273 3361 371 3420 forma
393 3361 529 3438 vulgaris
558 3361 590 3420 in
614 3364 747 3422 extremo
770 3381 859 3423 versu
883 3366 1000 3422 exstare
1024 3365 1141 3424 videtur

128 3441 199 3528 (col.
219 3450 249 3527 4,
268 3441 335 3531 25).
372 3446 400 3509 Ξ
421 3454 451 3509 et
470 3466 491 3509 α
510 3452 542 3509 et
562 3451 579 3525 β
598 3450 695 3510 tribus
714 3452 852 3527 partibus
876 3451 1013 3512 discretis
1036 3455 1141 3529 pinxit.

129 3538 165 3597 In
190 3534 214 3599 Ν
240 3539 347 3599 ductus
373 3539 491 3598 medius
515 3543 681 3599 extremum
708 3559 769 3600 non
791 3540 871 3600 infra
894 3541 946 3600 sed
968 3543 1072 3618 paullo
1097 3563 1142 3603 su·
