2378 3944
68 137 136 191 VIII
241 157 245 164 ·
475 135 681 192 PRAEFATIO

71 287 226 366 magisque
250 288 417 364 perspicere
435 286 522 346 uobis
541 288 685 348 videmur.
725 287 879 347 Novorum
898 287 1082 348 voluminum

71 378 203 436 alterum
226 377 357 436 habebat
375 377 541 436 orationem
559 376 723 453 Hyperidis
743 372 823 435 κατὰ
841 372 1038 436 Φιλιππίδου
1056 381 1083 436 et

23 467 27 474 '
69 466 281 525 Demosthenis
305 465 466 542 epistulam
488 466 628 541 tertiam,
652 465 704 524 sed
727 465 811 523 deest
834 465 898 524 eius
922 465 1083 525 voluminis

70 558 101 614 et
124 554 244 614 initium
268 556 299 614 et
322 573 392 629 pars
415 557 563 632 extrema,
593 558 629 613 ut
651 572 748 630 neque
771 553 839 612 seiri
863 555 959 630 possit
983 558 1083 614 utrum

70 649 228 720 praeterea
251 643 312 702 alia
329 643 474 702 insuerint
493 661 594 720 necne,
619 648 650 701 et
667 642 734 719 ipsa
751 642 824 701 haee
844 643 1005 720 magisque
1023 642 1083 720 Hy-

70 733 193 809 peridea
212 733 308 791 oratio
327 751 435 807 parum
452 732 573 809 integra
591 732 763 791 habeamus.
797 731 911 791 Tacent
930 733 1084 792 tacebunt·

71 843 128 898 que
159 822 311 881 curatores
339 815 436 880 Musei
464 820 646 895 Britannici,
684 819 764 896 apud
794 839 868 897 quos
899 824 947 880 est
975 821 1008 880 id
1036 839 1084 881 vo·

70 913 185 987 lumen,
218 909 297 968 unde
325 913 355 968 et
379 927 397 967 a
419 929 479 985 quo
507 910 687 985 acceperint3
721 909 823 986 itaque
851 928 906 969 nes
930 928 968 969 ne
994 911 1086 970 simus

37 1057 42 1066 ,
71 999 189 1058 curiosi.
235 999 341 1057 Paullo
364 999 451 1075 plura
475 998 510 1057 de
535 999 630 1057 altero
653 1000 761 1058 horum
783 999 973 1058 voluminum
1000 999 1085 1059 inno·

69 1091 204 1163 tuerunt,
226 1088 306 1164 quod
329 1087 433 1146 eodem
456 1087 519 1146 fere
537 1090 672 1162 tempore
694 1088 727 1145 in
745 1088 844 1146 lucem
862 1087 985 1166 prodiit,
1009 1087 1085 1146 illud

71 1178 137 1236 dico
165 1195 224 1253 quo
252 1177 348 1235 oratio
373 1172 452 1235 κατὰ
474 1169 707 1250 Ἀθηνογένους
730 1175 813 1252 prior
832 1208 872 1216 -
898 1177 975 1234 duae
1006 1177 1085 1236 enim

70 1268 194 1324 fuerunt
215 1295 250 1304 -
274 1265 409 1341 quamvis
432 1284 492 1324 non
510 1266 599 1341 plane
617 1265 737 1341 integra
756 1265 921 1324 exhibetur.
954 1265 1087 1326 Franco·

72 1354 222 1433 gallorum
256 1358 285 1412 et
315 1353 455 1413 volumen
482 1354 538 1413 hoc
566 1357 612 1413 est
640 1356 671 1413 et
698 1354 765 1412 laus
790 1354 983 1427 inventionis,
1010 1372 1087 1432 quae

72 1443 193 1519 quidem
215 1443 282 1502 laus
304 1446 371 1502 tota
394 1443 432 1501 ad
455 1462 548 1501 unum
570 1443 723 1502 hominem
744 1443 892 1518 pertinet,
915 1442 1089 1519 Eugenium
1118 1508 1121 1514 ,

72 1532 239 1609 Revillout,
267 1532 365 1590 Musei
388 1531 570 1608 Aegyptiaci
603 1531 791 1591 celeberrimi
823 1531 968 1590 Parisiaci
1001 1551 1090 1610 prae-

71 1621 193 1680 fectum.
240 1619 326 1679 Anno
341 1622 437 1679 ·1888
465 1621 638 1698 negotiator
667 1620 788 1695 quidam
814 1619 945 1679 Graecus
970 1621 999 1679 ei
1023 1621 1088 1682 viro

73 1710 214 1770 volumen
241 1728 444 1785 papyraceum
474 1709 597 1786 obtulit,
634 1710 713 1768 male
745 1708 884 1767 habitum
915 1710 1089 1786 nequedum
1116 1730 1119 1739 ·

73 1799 238 1875 evolutum,
262 1799 347 1857 ouius
366 1798 502 1873 quamvis
519 1817 616 1874 pauca
634 1798 695 1875 legi
713 1799 845 1878 possent,
864 1799 1015 1874 extemplo
1035 1800 1089 1858 ille

74 1893 104 1948 et
133 1887 204 1965 quid
236 1887 301 1946 fere
333 1886 445 1946 inesset
477 1886 625 1946 divinavit
653 1889 684 1945 et
713 1891 747 1945 ut
780 1890 930 1946 emeretur
961 1888 1091 1965 curavit,

73 1978 171 2053 pretio
195 1975 316 2053 quidem
343 1975 464 2033 minime
492 1975 665 2053 immodico,
693 1975 824 2034 denariis
853 1974 977 2036 Gallicis
1005 1978 1091 2037 mille

74 2069 105 2125 et
137 2065 318 2143 quingentis.
363 2063 493 2123 Videtur
521 2066 552 2123 et
577 2064 678 2140 ipsum
701 2083 736 2123 ex
759 2065 900 2142 Aegypto
933 2066 1091 2141 superiore

73 2154 260 2231 provenisse;
282 2153 454 2230 negotiator
473 2153 552 2212 enim
574 2153 627 2212 ille
650 2153 730 2213 circa
747 2153 916 2229 Panopolin
935 2157 1092 2214 vetustam

74 2244 310 2320 hodiernumque
341 2242 441 2317 Sohag
468 2241 594 2301 habitat.
640 2242 711 2300 Fuit
741 2246 842 2301 autem
869 2241 975 2317 ingens
1004 2243 1092 2303 labor

75 2337 210 2410 emptum
233 2333 374 2392 volumen
397 2337 429 2390 et
451 2331 607 2391 evolvendi
631 2334 662 2390 et
684 2338 765 2390 reete
785 2330 950 2407 digerendi,
977 2331 1091 2391 dilabe-

74 2423 166 2482 batur
198 2422 277 2479 enim
312 2420 345 2479 in
380 2420 531 2497 fragmina
566 2419 718 2479 interdum
754 2419 972 2494 minutissima,
1011 2440 1090 2498 quae

76 2510 235 2587 oportebat
258 2528 331 2570 cura
354 2510 543 2569 exactissima
571 2509 739 2568 examinare
767 2511 979 2584 coagmentare
1004 2529 1090 2584 repo-

75 2618 155 2675 nere,
173 2597 328 2658 doneo'est
345 2599 408 2658 fere
425 2601 534 2676 totum,
553 2601 699 2675 quantum
718 2597 837 2674 quidem
857 2597 923 2655 eius
943 2603 1091 2676 superest,

76 2688 115 2747 ad
142 2688 275 2747 ordinem
303 2707 390 2748 suum
417 2687 580 2764 pristinum
606 2690 788 2747 revocatum.
838 2687 895 2745 Est
923 2688 1024 2745 autem
1053 2707 1091 2747 ne

76 2778 132 2836 hoc
169 2776 291 2854 quidem
328 2777 540 2854 omittendum,
579 2776 659 2834 omni
691 2794 764 2834 cura
797 2774 956 2852 studioque
989 2775 1091 2836 virum

77 2865 283 2925 doctissimum
305 2865 537 2946 Francogallum
559 2883 648 2924 usum
675 2883 753 2940 esse,
780 2866 816 2922 ut
844 2880 895 2923 eas
923 2864 1090 2940 particulas

78 2974 155 3032 quae
179 2955 316 3014 deessent
336 2972 468 3031 quasque
487 2954 658 3029 putandum
676 2955 755 3011 esset
774 2952 805 3011 in
828 2953 970 3030 Aegypto
994 2954 1093 3012 adhuc

77 3046 172 3102 latere
200 3045 404 3120 recuperaret,
437 3046 467 3101 et
494 3042 686 3119 recuperavit
717 3041 875 3117 quasdam,
908 3060 1092 3118 quamquam

77 3152 138 3192 non
169 3153 223 3209 pro
257 3132 357 3192 studio
389 3130 570 3208 egregiaque
597 3131 755 3191 voluntate
788 3148 824 3188 ea
855 3147 903 3188 res
936 3132 1093 3191 suecessit.

0 3276 2 3303 ,
11 3216 114 3319 Jffi:
225 3220 245 3297 ξ
269 3224 299 3281 4.
329 3219 449 3278 Primus
480 3219 574 3295 igitur
601 3219 756 3279 Harrisius
783 3237 861 3277 anno
893 3220 977 3278 1848
1012 3221 1093 3298 frag·

116 3300 236 3371 'menta
255 3330 310 3370 sua
327 3308 550 3386 lithographica
572 3315 637 3368 arte
660 3309 821 3386 diligenter
840 3326 979 3384 expressa
999 3310 1095 3368 oculis

80 3401 236 3461 hominum
259 3399 416 3460 doctorum
439 3395 567 3456 subiecit
594 3416 755 3474 eorumque
783 3397 885 3456 studia
912 3416 1022 3473 magna
1047 3417 1095 3456 ex·

81 3491 196 3551 citavit.
232 3489 346 3548 Eodem
359 3490 493 3562 tempore
516 3486 548 3544 in
572 3485 732 3546 Germania
746 3485 896 3561 Sauppius
909 3486 1095 3546 Boeehhius-
