2378 3944
83 161 145 216 LIV
227 159 366 218 ARGVM.
387 161 609 218 ORATIONVM
627 161 811 218 BREVITER
828 161 959 219 DESOR.

85 312 184 390 fuerit,
207 314 309 371 tamen
336 313 384 372 uel
413 312 505 388 triplo
532 314 582 375 vel
610 314 777 392 quadruplo
806 312 978 389 longiorem
1012 335 1096 392 quam

83 420 163 460 nunc
186 404 232 460 est
254 401 348 460 fuisse
371 403 550 477 putaverim.
596 403 642 462 Na
665 402 821 478 inscriptio
845 401 969 478 quidem
994 407 1095 482 exstat,
1129 396 1131 401 ’

83 491 241 566 ipsumque
254 491 299 549 rei
317 509 426 550 nomen
439 491 559 551 nonnisi
574 511 610 550 ex
623 495 709 568 parte
724 494 877 552 servatum
892 485 965 572 (col.
981 493 1012 569 4,
1027 485 1092 573 14);
1129 530 1131 567 :

83 599 181 656 neque
205 582 307 639 tamen
330 579 463 638 dubitari
485 583 586 656 potest
614 599 677 640 esse
705 581 744 640 ab
768 580 883 640 editore
907 580 1045 658 principe
1067 585 1095 640 et
1128 582 1131 655 1

83 669 138 728 hoc
174 671 255 727 recte
288 668 464 727 restitutum
501 672 531 729 et
565 669 730 730 orationem
757 668 907 745 Hyperidi
941 670 1095 744 tributam,

84 757 169 817 cuius
215 756 310 816 inisse
352 758 518 817 orationem
563 754 643 818 κατὰ
684 754 877 819 Φιλιππίδου
926 759 1095 820 Athenaeus

83 847 171 905 testis
196 847 249 904 est.

173 931 222 994 Or.
241 933 277 992 V.
318 933 529 1013 Athenogenes
556 936 721 1012 inquilinus
746 935 955 1012 Atheniensis,
979 938 1093 997 natione

83 1022 264 1100 Aegyptiae,
283 1025 404 1098 praeter
424 1027 520 1082 artem
539 1019 751 1099 λογογράφου
769 1025 1005 1102 unguentariam
1024 1026 1093 1085 anti·

85 1113 187 1188 quitus
220 1112 380 1170 exercebat
413 1113 603 1190 habebatque
635 1115 668 1172 in
699 1114 765 1173 foro
792 1114 936 1172 tabernae
964 1134 1092 1194 unguen·

84 1201 177 1260 tarias
206 1202 276 1259 tres.
323 1199 358 1258 In
386 1219 512 1275 quarum
541 1222 602 1261 una
630 1221 750 1263 servum
778 1221 867 1262 suum
888 1201 1008 1262 Midam
1034 1223 1092 1263 con·

86 1290 226 1349 stituerat
250 1292 489 1365 procuratorem,
517 1292 567 1350 cui
594 1295 679 1352 erant
706 1291 762 1349 filii
788 1289 850 1350 tre's
878 1291 1092 1352 adulescentuli

84 1378 221 1455 puerive.
270 1377 335 1435 lam
372 1396 440 1437 oum
468 1379 662 1440 Atheniensis
693 1379 827 1458 quidam,
859 1379 908 1438 cui
943 1381 1092 1458 Epicrates

83 1486 192 1526 nomen
221 1466 315 1525 fuisse
338 1466 459 1527 videtur
483 1461 526 1549 (v.
549 1462 761 1548 col.11,17),
784 1469 872 1527 horno
895 1487 996 1546 neque
1021 1471 1092 1530 dives

83 1576 181 1634 neque
211 1556 343 1631 sapiens,
372 1556 405 1614 in
427 1575 559 1617 amorem
586 1559 672 1634 pueri
699 1557 755 1615 filii
777 1557 876 1616 Midae
902 1549 1091 1638 incidisset*)

84 1664 210 1721 eumque
239 1645 276 1703 ab
300 1643 497 1721 Athenogene
531 1665 628 1706 emere
649 1647 843 1707 vehementer
875 1653 1016 1728 cuperet,
1046 1648 1091 1706 ille

84 1753 142 1809 qua
166 1737 231 1792 erat
254 1732 368 1793 astutia
391 1733 571 1811 adiutusque
596 1736 633 1795 ab
652 1736 806 1813 Antigona
824 1735 983 1795 meretrice
1007 1736 1092 1796 homi·

83 1841 152 1881 nem
183 1825 253 1898 post
288 1822 403 1881 multas
441 1825 646 1883 contentiones
684 1824 903 1899 dilationesque
937 1843 973 1885 eo
1007 1842 1091 1902 usque

83 1911 226 1986 perpulit,
245 1915 280 1970 ut
295 1930 365 1970 oum
380 1913 493 1973 amasio
513 1914 604 1971 etiam
622 1916 741 1989 patrem
758 1913 927 1988 fratresque
948 1913 1014 1973 eius
1034 1932 1092 1973 cum

82 2001 149 2075 ipsa
179 2000 305 2059 taberna
337 2017 463 2076 aereque
493 2003 573 2078 quod
606 2000 734 2061 debebat
761 2001 857 2060 Midas
889 2001 989 2060 alieno
1020 2002 1092 2061 iuste

84 2089 235 2164 emptione
248 2088 301 2146 XL
320 2086 409 2147 minis
428 2089 604 2165 acquireret.
642 2089 796 2159 Quantum
815 2091 916 2148 autem
938 2089 1090 2150 deberetur

84 2179 170 2256 aeris,
193 2196 289 2254 neque
312 2177 505 2253 praedixerat
528 2178 745 2257 Athenogenes
763 2197 860 2255 neque
879 2183 1001 2254 emptor
1023 2180 1090 2239 mul·

83 2270 149 2326 tum
172 2270 345 2337 curaverat,
380 2267 432 2326 sed
464 2271 624 2345 postquam
647 2287 683 2326 ex
715 2267 846 2344 agricola
877 2270 1090 2344 unguentarius

82 2358 182 2416 factus
206 2360 261 2433 est,
292 2356 374 2414 intra
406 2359 466 2416 tres
499 2375 616 2417 menses
649 2357 790 2433 cognovit
820 2374 852 2415 se
880 2356 1016 2432 quinque
1038 2359 1091 2416 fere

84 2447 199 2505 talenta
222 2445 337 2504 debere.
384 2444 449 2504 Iam
468 2465 536 2505 oum
559 2445 726 2505 rescindere
749 2445 842 2506 vellet
860 2446 1042 2520 pactionem,
1063 2445 1089 2504 id

83 2553 273 2611 nequaquam
300 2535 337 2593 ab
361 2533 559 2612 Athenogene
582 2535 744 2610 impetrare
772 2533 886 2610 potuit,
915 2535 970 2593 sed
998 2536 1030 2594 in
1051 2535 1092 2593 ius

83 2622 170 2680 illum
194 2641 300 2682 vocare
324 2626 445 2683 coactus
471 2626 525 2685 est.
570 2623 664 2682 Nulla
690 2642 761 2683 vero
796 2620 934 2681 exstabat
968 2624 1017 2683 lex
1039 2642 1092 2700 qua

83 2712 128 2769 ita
151 2710 240 2770 inniti
259 2714 362 2787 posset
381 2714 418 2770 ut
435 2712 562 2771 firmiter
587 2714 681 2771 staret
700 2711 861 2784 accusatio,
885 2729 954 2769 oum
975 2732 1030 2788 pro
1048 2730 1092 2772 reo

85 2799 203 2858 adesset
226 2801 274 2859 lex
297 2819 428 2877 eaquae
447 2801 603 2876 pactiones
621 2800 756 2877 priuatas
779 2804 861 2859 ratas
880 2818 945 2859 esse
965 2801 1094 2862 iubebat

83 2889 172 2948 Actio
202 2888 296 2948 fuisse
324 2890 445 2949 videtur
475 2884 592 2965 βλάβη(
620 2889 700 2966 apud
722 2890 775 2948 XL
798 2889 892 2966 viros,
926 2891 1095 2950 aestimatio

84 2981 187 3038 autem
215 2978 277 3037 litis
306 2972 458 3055 (τίμημα)
491 2978 622 3055 quinque
648 2979 777 3054 talenta,
806 2978 831 3036 si
859 2977 1023 3040 damnatus
1055 2982 1097 3040 est

83 3068 310 3144 AthenogeneS,
341 3068 477 3142 profecto
509 3067 681 3143 pactionem
713 3068 881 3126 rescindere
919 3066 1013 3143 quam
1046 3069 1096 3128 illa

84 3157 198 3216 solvere
218 3155 335 3215 maluit.
381 3155 433 3214 Bis
453 3159 555 3215 autem
573 3155 604 3214 in
623 3155 678 3214 hac
698 3174 790 3215 causa
809 3158 846 3215 ab
864 3156 995 3232 utraque
1015 3161 1099 3234 parte

155 3307 181 3375 ³¹²)
205 3306 246 3360 De
271 3322 364 3361 amore
388 3322 437 3361 suo
462 3309 608 3362 accusator
635 3305 763 3376 pluribus
786 3305 856 3361 locis
879 3305 1022 3376 loquitur,
1052 3310 1099 3364 aed

83 3395 221 3447 nusquam
248 3377 279 3431 in
301 3379 382 3447 parte
412 3378 545 3432 orationis
573 3377 723 3448 superstite
747 3377 852 3432 diserte
879 3377 991 3433 indicat
1019 3398 1100 3449 quem

83 3467 209 3577 qqqlrgqq
218 3447 400 3506 adamaverit.
429 3449 569 3518 Cognovit
582 3466 641 3504 rem
658 3448 766 3519 primus
779 3447 899 3503 Weilius
914 3465 981 3503 eum
995 3451 1101 3507 Theod.
