2378 3944
439 144 712 199 ΑΠΟΕΠΑΕΜΑΤΙΑ
1020 144 1084 207 1⁶25

159 288 234 353 176.
256 287 403 364 Εὐθίας·
427 289 502 353 Ὑπ.
526 289 607 368 ὑπὲρ
627 292 693 368 Φρ..
717 294 783 354 τῶν
807 291 859 354 ἐπὶ
883 289 1079 374 ευκοφαντίᾳ
1093 311 1132 352 201

66 380 328 459 διαβεβλημένων
351 379 391 457 ἠν
415 377 433 441 ὁ
457 379 577 443 Εὐθίαε.
623 377 781 461 Harpocr.

162 468 234 531 177.
253 463 451 550 Ἰσοδαίτης·
501 467 577 531 Ὑπ.
601 467 638 532 ἐν
670 473 717 552 τῷ
749 468 830 547 ὑπὲρ
862 469 928 547 Φρ..
962 466 1138 533 Ξενικόεοοε

65 577 115 621 τι(
139 556 275 635 δαίμων,
306 556 396 640 ᾧτὰ
418 557 549 635 δημώδη
581 557 698 632 γύναια
727 558 778 621 καὶ
805 560 845 637 μὴ
874 557 959 621 πάνυ
988 578 1084 621 (που-

68 650 147 799 δαῖἰι
189 646 299 710 ἐτέλει.
359 644 462 729 Ηαιρ.
499 644 538 710 cf.
570 643 691 730 Hager.
728 646 767 710 de
805 647 937 730 graecit.
974 645 1084 730 hyper.
1113 668 1115 672 ·

161 824 234 889 178.
257 823 294 888 Ὁ
322 825 358 887 δὲ
386 823 461 888 Ὑπ.
486 825 712 903 ευναγορεύων
739 830 777 908 τῇ
801 824 924 908 Φρύνῃ,
957 823 1002 888 ὼε
1030 824 1084 887 οὐ·
1100 851 1139 891 209

67 915 127 978 δὲν
160 914 239 992 ἤνυε
271 914 377 988 λέγων
410 913 553 976 ἐπίδοξοί
584 934 619 976 τε
647 914 726 992 ἦταν
755 913 786 977 οἱ
818 914 959 977 δικατταὶ
991 934 1085 977 κατα-

65 1003 302 1082 ψηφιούμενοι,
344 1003 545 1080 παραγαγὼν
582 1003 682 1081 αὐτὴν
724 1002 768 1066 εἰ(
809 1003 994 1082 τούμφανὲς
1035 1003 1087 1065 καὶ

64 1093 260 1170 περιρρήξαε
301 1093 377 1154 τοὺ(
418 1091 634 1169 χιτωνίτκουε,
676 1089 779 1169 γυμνά
815 1112 850 1155 τε
892 1092 932 1154 τὰ
973 1092 1087 1169 ετέρνα

63 1182 218 1260 ποιήταε,
242 1181 318 1243 τοὺ(
341 1182 543 1255 ἐπιλογικοὺς
567 1178 693 1244 οἴκτου(
717 1181 753 1243 ἐκ
774 1185 831 1259 τῆ(
855 1179 965 1258 ὄψεαι(
989 1180 1086 1258 αὐτῆ(

62 1268 322 1348 ἐπερρητόρευεε
347 1267 611 1347 δειειδαιμονῆεαί
634 1266 666 1332 τ’
689 1268 817 1347 ἐποίητε
841 1271 917 1333 τοὺ(
940 1271 1086 1332 δικαετὰε

61 1357 151 1442 (καὶ)
174 1359 233 1437 τὴν
256 1357 419 1437 ὑποφῆτιν
442 1358 493 1421 καὶ
516 1356 654 1436 ζάκορον
679 1356 868 1436 Ἀφροδίτη(
892 1359 975 1441 ἐλέῳ
999 1378 1087 1436 χαρι-

60 1448 228 1526 εαμένουτ
252 1448 292 1524 μὴ
318 1446 512 1511 ἀποκτεῖναι.
559 1447 636 1511 Alb.
656 1445 737 1510 XIII
756 1469 785 1529 p.
804 1445 871 1510 590
888 1446 931 1530 u3
959 1446 999 1510 uf.
1023 1447 1088 1510 Eu·

61 1536 172 1602 stalli.
192 1535 232 1600 ad
252 1535 289 1598 Il.
310 1534 406 1617 1259,
432 1534 521 1617 1R.;
549 1533 619 1599 vit.
638 1534 668 1598 X
693 1557 738 1599 or.
762 1559 793 1620 p.
813 1535 877 1599 849
897 1535 934 1598 E.
968 1533 1087 1610 Quam·

59 1647 170 1712 quam
194 1647 273 1687 num
307 1646 370 1708 qua
393 1646 470 1708 pars
498 1623 594 1688 huius
621 1625 818 1688 narrationis
851 1624 992 1688 orationi
1024 1624 1088 1706 ipsi

57 1715 236 1790 debeatur,
260 1713 339 1776 mihi
364 1713 493 1796 quidem
516 1713 610 1778 valde
634 1713 767 1777 dubium
792 1717 851 1778 est.

164 1802 262 1866 *170
277 1801 519 1885 Alciphr.1‚32:
534 1800 664 1881 αἴτηεόν
679 1823 708 1866 τι
723 1824 788 1881 παρ
803 1800 912 1867 ἀὐτοῦ
924 1799 1088 1888 (Euthia),

58 1893 121 1960 καὶ
155 1890 231 1969 ὄψει
265 1893 399 1970 εεαυτὴν
426 1893 446 1971 ἢ
474 1891 515 1955 τὰ
546 1892 665 1969 νεώρια
697 1893 936 1971 ἐμπεπρηκυῖαν
964 1894 983 1971 ἢ
1011 1893 1088 1955 τοὺ(

59 1982 194 2061 νόμου(
217 1982 445 2044 καταλύουεαν.
492 1979 531 2043 In
553 1979 605 2043 his
623 1981 730 2044 inesse
749 2002 831 2064 quae
856 2003 894 2044 ex
912 1979 1087 2063 Hyperidis

59 2069 219 2138 oratione
253 2068 400 2134 derivata
437 2068 504 2134 sint
540 2073 627 2133 recte
664 2091 716 2133 me
752 2069 880 2134 monuit
912 2069 1088 2152 Babingto.

59 2159 117 2226 Of.
150 2157 215 2244 frg.
244 2157 498 2241 Lycophroneae
529 2180 548 2222 a
577 2155 709 2223 Polluce
738 2157 799 2243 IX,
828 2158 892 2223 156
923 2161 1089 2222 servatum

10 2258 13 2277 ²
60 2248 189 2336 (supra
212 2269 242 2330 p.
262 2247 333 2331 26)3
366 2247 436 2311 add.
462 2247 536 2330 Lyc.
560 2247 620 2312 col.
644 2248 701 2330 10,
725 2249 753 2311 7.
779 2283 818 2294 -
844 2246 884 2310 V.
909 2247 1007 2310 etiam
1031 2246 1089 2309 Al-

16 2368 19 2373 ·
62 2337 174 2422 ciphr.
192 2335 222 2420 Ι,
245 2336 302 2401 30:
335 2335 363 2400 εἰ
385 2337 446 2415 γὰρ
477 2335 619 2400 αἰτοῦεαι
649 2337 737 2414 παρὰ
765 2341 832 2400 τῶν
862 2336 1005 2415 ἑραετῶν
1033 2334 1087 2413 ἀρ-

10 2280 185 2527 Χγύριον
214 2425 253 2489 οὐ
280 2425 482 2503 τυγχάνομεν
511 2427 531 2504 ἢ
559 2430 628 2489 τοῑε
656 2429 796 2489 διδοῦειν
833 2423 1089 2502 ἐντυγχάνονεαι

28 2528 42 2571 ·.=
66 2514 217 2595 ἀεεβείατ
240 2513 457 2594 κριθητόμεθα,
481 2519 660 2579 πεπαῦεθαι
683 2519 828 2592 κρεῖττον
847 2515 921 2593 ἡμῖν
940 2517 998 2577 τοῦ
1020 2513 1088 2592 βίου

68 2604 191 2669 τούτου
215 2605 267 2667 καὶ
294 2605 402 2681 μηκέτι
430 2602 516 2681 ἔχειν
544 2602 715 2682 πράγματα
743 2605 822 2683 μηδὲ
850 2608 918 2667 Tol(
947 2601 1089 2681 ὁμιλοῦει

10 2716 30 2755 :
70 2694 235 2772 παρέχειν.

10 2772 31 2781 ”
165 2779 237 2845 180.
260 2780 358 2861 Apud
371 2780 559 2845 Messalam:
578 2779 679 2844 Beue
694 2779 786 2862 fecii
798 2779 948 2844 Euthia.
980 2778 1088 2855 Quini.
1103 2803 1144 2842 κιο

73 2869 100 2951 Ι,
124 2869 156 2953 5,
181 2869 233 2934 61.
278 2869 425 2934 Vertisse
448 2867 623 2933 Messalam
647 2870 682 2932 in
706 2869 843 2933 latinum
866 2868 949 2933 hanc
970 2869 1089 2934 oratio·

10 2984 30 3003 -·
73 2980 149 3023 nem
173 2959 259 3022 idem
283 2956 392 3033 Quint.
416 2957 523 3040 refert,
546 2956 585 3040 X,
609 2957 639 3042 5,
663 2959 693 3022 2.

10 3026 49 3114 fl

147 3155 197 3204 177
217 3150 341 3217 ἰεοδέτηε
359 3151 384 3202 A
413 3181 445 3189 -
467 3154 517 3204 178
536 3152 582 3203 καὶ
599 3152 652 3217 τὴν
672 3149 712 3204 S.=
734 3152 787 3217 τὴν
807 3148 882 3204 libri.
907 3149 942 3204 cf.
958 3151 1037 3204 Eusi.
1057 3181 1090 3190 ·-

10 3216 41 3251 ³·
69 3223 263 3304 χρηταμρνονε
282 3222 476 3290 casaubonum
500 3238 625 3288 χαριταμ.
644 3219 739 3288 codd„
760 3221 835 3290 quod
855 3220 910 3276 def.
929 3221 1090 3276 Wilumow.

10 3362 13 3369 Ι
34 3362 39 3367 ¹
71 3308 117 3363 up.
133 3292 216 3348 Kaib.
