2378 3944
122 187 200 241 XXX
529 186 733 242 PRAEFATIO

123 339 279 396 audevouc
306 331 353 416 (b.
373 358 398 400 e.
422 333 576 415 coaevae)
605 370 642 379 —
666 371 703 379 -—
727 353 947 412 οικειοτεροοε.
1000 335 1151 399 Contudit

122 426 361 502 praepositiones
389 422 452 502 πρό
485 431 517 486 et
548 423 642 502 uoce,
676 423 910 502 προδοκώμενα
942 426 1082 486 scribens
1118 432 1150 487 et

123 511 346 591 προεείλοντο,
379 536 469 592 porro
493 510 557 576 ὑπό
581 520 612 575 et
634 511 729 590 ὑπέρ,
761 516 842 575 unde
871 518 1044 575 monstrum
1068 517 1149 576 illud

122 604 263 664 vocabuli
289 600 562 680 ὑπερμεμνηκεναι
592 600 945 681 praeoccupaveram
969 605 997 664 ei
1021 606 1147 665 excidit.

121 693 309 754 Foedissima
332 697 435 753 autem
455 695 587 754 omnium
610 693 910 769 πληγαελαμβανειν
930 695 985 753 col.
1006 695 1038 768 9,
1063 695 1148 769 quod

123 782 255 843 Cobetus
290 785 391 843 totum
430 786 466 841 ut
502 784 640 858 Ineptum
675 782 822 842 emblema
857 783 926 841 tolli
958 782 1075 860 voluit,
1115 787 1147 842 et

123 872 235 933 αξαθαι
255 875 425 932 correctum
442 891 478 931 ex
497 872 617 946 αξαθην
636 873 691 933 col.
713 874 754 931 10
774 875 805 930 et
823 871 951 930 maxime
970 871 1001 929 in
1021 872 1080 930 col.
1101 874 1144 931 12

121 960 265 1019 immania
293 960 359 1019 illa:
400 960 1145 1036 τωνδεηγορμενωνκαλουμενονετουεεπιετρα-

121 1065 412 1123 τειανετραεανταε.
467 1051 574 1126 Itaque
611 1051 745 1127 profecto
783 1048 857 1108 fides
893 1049 983 1108 buius
1021 1049 1146 1108 librarii

121 1138 287 1215 perexigua
315 1143 374 1216 est,
407 1142 437 1197 et
460 1138 579 1216 quidvis
610 1140 638 1198 ei
669 1140 738 1198 iure
763 1138 990 1215 imputabimus.
1039 1139 1145 1215 Atque

123 1227 174 1304 qui
192 1226 224 1285 id
242 1227 440 1287 audacissime
454 1228 526 1287 fecit
540 1227 671 1288 (lobetus
692 1227 850 1303 praecipue
864 1245 1005 1306 magnam
1018 1226 1145 1286 laudem

122 1316 245 1393 meruit,
278 1317 424 1393 quantum
455 1317 576 1395 ingenio
609 1319 729 1393 praeter
761 1319 875 1376 ceteros
908 1317 1040 1391 polleret
1073 1317 1143 1392 plus

122 1405 216 1464 semel
252 1405 492 1481 splendidissime
530 1405 699 1465 ostendens
745 1405 863 1482 Quippe
900 1405 932 1462 in
964 1403 1143 1466 Ardeniano

122 1493 260 1553 cautione
285 1495 386 1570 aliqua
409 1514 484 1570 opus
509 1498 555 1554 est
578 1498 609 1553 ct
631 1497 757 1570 propter
779 1494 994 1553 auctoritatem
1017 1493 1093 1552 libri
1112 1497 1145 1553 et

122 1582 202 1660 quod
226 1583 395 1658 Hyperides
418 1583 449 1641 in
472 1585 585 1643 talibus
610 1584 795 1643 orationibus
815 1583 864 1643 vel
888 1602 924 1641 ex
947 1583 1143 1660 neglegentia

122 1671 304 1748 elegantiam
327 1672 489 1753 quaesivit3
519 1674 551 1730 at
579 1673 610 1731 iu
633 1672 807 1731 laudatione
837 1671 1002 1732 artificiosa
1027 1690 1141 1748 nequa·

122 1779 212 1838 quum
241 1763 357 1819 tantum
387 1763 435 1822 vel
457 1762 513 1819 illi.
527 1761 640 1821 oratori
668 1761 764 1821 licuit.
819 1761 859 1818 Et
881 1761 1017 1838 videmus
1049 1761 1141 1820 etlam

122 1849 160 1908 ab
183 1849 316 1909 hiatibus
340 1850 391 1927 qui
414 1849 556 1910 dicuutur
579 1850 772 1909 admittendis
795 1849 827 1908 in
845 1850 901 1908 hae
920 1867 980 1906 una
1002 1850 1139 1909 oratione

122 1958 191 1997 eum
221 1938 324 1998 sedulo
359 1938 485 2015 cavisse,
519 1939 545 1997 si
577 1939 697 2016 quidem
729 1938 761 1998 in
794 1939 859 2014 ipso
884 1929 924 1996 Α3
947 1937 1138 1998 vitiosissimi

121 2026 241 2102 generis
264 2026 366 2086 hiatus
384 2046 444 2086 non
462 2029 531 2104 plus
550 2028 609 2085 XII
627 2028 829 2104 reperiuntur,
851 2030 1011 2103 praeterea
1028 2027 1086 2085 ubi
1108 2041 1139 2085 αι

122 2116 294 2175 elidendum
322 2117 362 2176 sit
383 2115 441 2194 Vr,
471 2116 524 2176 ubi
546 2117 658 2176 vocalis
686 2116 787 2176 brevis
816 2111 1003 2193 (vocularum
1031 2115 1137 2191 quales

122 2210 194 2266 sunt
217 2203 266 2279 δέ,
291 2200 379 2281 οὔτε,
407 2199 472 2264 ὑπό
495 2206 613 2265 ratIone
635 2224 695 2264 non
718 2197 837 2285 habita)
861 2205 902 2280 V,
930 2203 984 2263 ubi
1007 2198 1078 2281 καί,
1100 2197 1138 2277 οἱ,
1179 2260 1181 2267 .

122 2297 180 2370 τῆι,
201 2294 311 2355 similia
329 2295 448 2354 hiatum
466 2294 580 2354 faciant
597 2294 678 2370 XVI,
698 2294 825 2371 denique
849 2293 903 2353 ubi
921 2310 1018 2368 pausa
1035 2293 1137 2352 hiatus

123 2387 281 2445 excusetur
309 2384 371 2444 fere
394 2383 457 2442 XX.
502 2383 546 2443 Ae
573 2383 605 2441 in
626 2383 838 2459 Euxenippeae
870 2381 1002 2459 qulnque
1033 2381 1137 2456 primis

123 2474 268 2532 columnis
288 2474 451 2533 eorundem
470 2475 543 2532 sunt
556 2491 701 2550 generum
714 2473 815 2531 hiebus
828 2471 896 2547 XII,
915 2471 941 2548 I,
959 2470 1014 2546 IV,
1027 2468 1135 2546 XXIV,

122 2560 186 2620 XV.
233 2560 315 2632 Quae
339 2582 407 2622 cum
429 2563 474 2623 ita
497 2562 571 2633 sint,
595 2561 668 2637 quid
692 2565 836 2638 sequatur
858 2560 944 2619 nobis
969 2559 1135 2619 editoribus

36 2717 38 2720 y
122 2649 244 2709 tandem
268 2650 428 2728 aliquando
451 2651 612 2712 videndum
636 2653 690 2709 est.
736 2649 804 2708 Non
831 2649 968 2724 sequitur
991 2649 1135 2725 ptofectq

122 2742 158 2798 ut
179 2739 248 2798 illos
267 2740 326 2798 XII
348 2741 450 2799 hiatus
475 2758 577 2800 omncs
597 2738 733 2816 quamvis
755 2738 871 2798 ineerta
892 2737 1010 2798 ratione
1029 2738 1134 2798 tollere

123 2847 275 2902 conemur,
302 2849 407 2888 verum
430 2829 565 2906 sequItur
587 2829 716 2889 fortasse
738 2831 775 2887 ut
797 2828 906 2887 vitium
934 2827 1063 2886 traxisse
1088 2843 1134 2886 eos

121 2917 203 2976 locos
227 2917 426 2993 suspicemur,
449 2918 597 2994 imprimis
628 2919 730 2976 autem
757 2921 793 2975 ut
819 2916 879 2992 ipsi
906 2916 944 2974 ab
972 2914 1134 2975 inferendis

121 3006 207 3066 novis
230 3006 363 3066 hiatibus
387 3025 555 3084 caveamus,
578 3006 659 3082 quod
675 3024 762 3064 nemo
783 3005 880 3064 adhue
898 3008 1038 3064 nostrum
1056 3004 1134 3064 fecit.

121 3095 229 3172 Itaque
252 3114 320 3154 eum
343 3095 383 3156 sit
410 3095 543 3171 alloquin
572 3096 605 3154 in
634 3096 689 3154 boe
719 3093 797 3153 libro
827 3113 939 3170 magna
968 3091 1135 3171 corrigendi

121 3185 252 3262 licentia,
276 3184 378 3261 aliqua
400 3187 503 3244 tamen
525 3186 665 3261 exparte
689 3183 724 3242 fit
742 3183 807 3242 eius
826 3184 964 3243 licentiae
984 3182 1135 3242 restrictio

121 3291 267 3350 perquam
290 3273 442 3333 salutaris.

59 3374 131 3417 ulae·
267 3359 357 3437 §2L
394 3362 460 3421 Iam
488 3361 567 3438 quod
591 3362 629 3421 ad
652 3363 727 3421 duos
756 3361 848 3420 libros
872 3378 974 3419 recens
999 3360 1134 3421 inventos

87 3429 167 3523 ’Ἥ
177 3451 296 3530 attinet,
315 3471 411 3529 genus
429 3450 550 3527 quidem
569 3471 673 3510 eorum
690 3452 771 3510 idem
790 3453 836 3509 est
854 3453 944 3526 atque
963 3447 1135 3524 ArdenIani‚

147 3582 151 3589 -
175 3542 276 3601 aetate
299 3540 370 3601 huic
389 3543 553 3617 praestant.
590 3540 704 3616 Aperte
725 3540 867 3600 mendosa
885 3558 982 3614 neque
1002 3541 1136 3599 correcta
