2392 3960
256 959 484 1036 Praefatio
513 961 729 1035 editionis
757 962 929 1036 tertiae.

540 1137 646 1145 ——-

177 1247 196 1325 ὅ
220 1253 249 1308 1.
294 1248 457 1326 Hyperidis
482 1248 652 1308 orationum
680 1253 729 1309 sat
756 1266 900 1327 magnam
927 1253 1046 1326 partem
1080 1261 1177 1324 Codices

86 1358 156 1398 cum
186 1338 390 1414 locupletibus
419 1338 541 1397 scholiis
572 1339 665 1398 etiam
691 1337 771 1397 XVI.
795 1338 914 1398 saeculo
942 1339 1046 1398 Budae
1063 1315 1190 1416 ῗζξέἶὲῗέ

86 1430 118 1487 in
133 1428 318 1487 bibliotheca
330 1427 478 1486 Matthiae
488 1425 611 1487 Corvini
624 1427 705 1503 regis
720 1428 871 1487 exstitisse
885 1428 1046 1486 memoriae

86 1517 236 1576 traditum
267 1520 326 1593 est3
361 1517 413 1574 sed
445 1519 609 1593 antequam
640 1516 709 1574 inde
742 1517 774 1574 in
806 1518 905 1576 lucem
936 1516 1101 1594 prodirent,

86 1617 179 1682 capta
208 1605 282 1664 urbe
312 1624 331 1664 a
357 1605 463 1663 Turcis
496 1623 523 1664 a.
548 1607 632 1666 1526
663 1605 846 1665 bibliotheca
877 1605 931 1664 illa
961 1606 1102 1683 neglecta

86 1694 191 1770 periit.
237 1693 385 1753 Salvusne
408 1693 449 1753 sit
470 1693 634 1769 Hyperidis
661 1695 753 1754 codex
781 1713 820 1752 an
846 1695 952 1771 iniqua
977 1695 1102 1755 fortuna

86 1784 268 1859 absumptus
288 1784 337 1859 sit,
356 1801 436 1840 nunc
453 1783 613 1859 nescimus,
635 1802 733 1860 neque
751 1784 849 1859 magis
868 1784 904 1841 de
923 1784 1031 1842 ceteris
1049 1785 1101 1859 qui

86 1872 162 1931 alibi
181 1872 330 1932 exstitisse
348 1871 561 1931 incertioribus
579 1872 749 1932 rumoribus
767 1872 916 1949 feruntur,
940 1872 1101 1950 quicquam

86 1963 275 2036 compertum
293 1952 488 2042 habemus.*)
520 1961 614 2018 Plura
632 1961 761 2020 fortasse
781 1961 943 2036 aliquando
963 1962 1101 2037 sciemus,

87 2051 114 2109 si
139 2049 235 2109 bonae
258 2051 397 2110 fortunae
420 2050 569 2125 placuerit
590 2049 687 2127 magis
717 2049 809 2108 etiam
836 2050 1011 2109 memoriam
1041 2051 1100 2109 cla-

84 2139 201 2198 rissimi
219 2140 348 2200 oratoris
367 2139 559 2228 resuscitare,
582 2157 673 2215 quam
690 2138 836 2215 proximis
855 2139 1006 2198 decenniis
1030 2139 1102 2198 fecit

159 2327 186 2394 *)
204 2326 246 2380 De
260 2325 305 2380 his
319 2327 402 2380 rebus
417 2325 546 2380 omnibus
561 2326 595 2380 cf.
606 2325 757 2396 Kiessling.
785 2325 939 2380 comment.
952 2325 987 2378 de
996 2324 1100 2394 Hyper.

84 2397 140 2466 lp.
157 2399 274 2466 9(140);
294 2396 463 2466 Babingten.
490 2397 608 2451 Journal
626 2397 659 2451 of
674 2397 804 2451 classical
821 2396 878 2451 and
897 2395 994 2450 sacred
1007 2395 1101 2465 philo·

84 2469 155 2538 logy
173 2470 184 2522 I
208 2485 235 2537 p.
250 2475 316 2538 4073
329 2468 374 2542 ΙΗ
388 2469 491 2537 Hager.
510 2469 623 2535 Quaest.
641 2466 776 2538 Hyperid.
797 2466 922 2537 (Lipsiae
942 2472 1023 2536 1870)
1041 2487 1069 2538 p.
1086 2475 1100 2522 1

85 2543 183 2623 etit.
206 2571 240 2579 -
263 2540 305 2621 ⁰5³
331 2539 383 2622 illo
409 2539 506 2622 codice
533 2539 658 2594 Budensi
683 2541 762 2596 LA.
785 2539 969 2594 Brassicauus
995 2541 1101 2622 tradit·

83 2609 1102 2763 isicaprasinamRarissimam

88 2752 207 2808 Gesnerr
221 2751 352 2808 biblioth.
367 2753 540 2807 editionibus
553 2769 626 2822 quae
645 2755 711 2822 post
728 2769 754 2808 a.
770 2757 839 2808 1545
857 2754 1023 2822 prodierunt
1038 2772 1060 2807 s.
1074 2771 1100 2808 v.

85 2823 244 2894 Hyperides
266 2824 383 2894 legitur:
412 2824 579 2894 „Hyperidis
601 2824 761 2893 fragmenta
783 2824 923 2892 quaedam
943 2825 1102 2879 orationum

85 2898 202 2950 exstant
215 2896 291 2978 apud
304 2895 421 2950 Paulum
436 2895 604 2950 Bornemiza
621 2897 782 2965 episcopum
800 2896 831 2949 in
844 2894 1009 2964 Hungaria“
1023 2897 1061 2962 (h.
1076 2912 1100 2949 e.

84 2966 115 3020 in
141 2965 356 3021 ihanerlvaniae
384 2966 489 3037 oppido
517 2967 592 3021 Alba
615 2966 700 3033 Iulia,
728 2967 804 3036 quod
832 2966 918 3021 hodie
945 2966 1102 3036 Karlsburg

84 3036 266 3108 nominatur).
278 3069 312 3079 -
323 3040 361 3093 Io.
371 3037 509 3108 Taylorus
517 3053 600 3108 porro
614 3039 644 3091 in
657 3038 746 3108 praef.
757 3038 793 3091 ad
802 3037 946 3093 Demoslh.
957 3037 1103 3108 (Schaefer

85 3111 159 3178 App.
173 3109 236 3166 crit
251 3109 264 3163 Ι
281 3127 309 3179 p.
325 3113 387 3179 102)
411 3109 546 3164 describit
568 3107 694 3163 codicem
716 3110 974 3176 membranaceum,
997 3107 1028 3162 in
1046 3125 1101 3178 quo

85 3179 225 3235 insuerint
247 3180 445 3250 „antiquorum
468 3181 611 3235 rhetorum
630 3181 752 3235 selectae
771 3181 926 3247 orationes,
949 3185 982 3234 ut
999 3179 1101 3234 Demo·

88 3251 207 3318 athenis,
226 3252 373 3320 Aristidis,
392 3252 525 3319 Himerii‚
542 3250 708 3322 Hyperidis,
727 3251 957 3316 Libanii“,’eum
975 3250 1101 3305 codicem

87 3322 122 3448 iKni
144 3323 322 3466 polisppssicne
335 3323 586 3449 ·(ia⁰⁰i)iflflmi{j
600 3323 812 3448 Sarisberienrsps
840 3323 936 3447 luistise.
977 3324 1019 3447 ili
1040 3320 1102 3404 iure

123 3410 169 3448 ess
232 3412 344 3463 .:,u1
400 3412 425 3448 si
515 3410 556 3449 en
587 3411 766 3449 suomenc
794 3412 842 3449 um
866 3411 888 3448 sr
927 3409 960 3448 ex
1020 3408 1102 3446 meru

87 3466 147 3521 sire
164 3412 513 3521 Libanii’declaimatioriep
520 3464 709 3536 Hyperidia?“
