<?xml version="1.0" encoding="UTF-8"?>
<!DOCTYPE html PUBLIC "-//W3C//DTD XHTML 1.0 Transitional//EN"
    "http://www.w3.org/TR/xhtml1/DTD/xhtml1-transitional.dtd">
<html xmlns="http://www.w3.org/1999/xhtml" xml:lang="en" lang="en">
 <head>
  <title>
</title>
<meta http-equiv="Content-Type" content="text/html;charset=utf-8" />
  <meta name='ocr-system' content='tesseract 3.04.00' />
  <meta name='ocr-capabilities' content='ocr_page ocr_carea ocr_par ocr_line ocrx_word'/>
</head>
<body>
  <div class='ocr_page' id='page_1' title='image "./orationessexcum01hypegoog_0061.png"; bbox 0 0 2378 3944; ppageno 0'>
   <div class='ocr_carea' id='block_1_1' title="bbox 206 153 1079 210">
    <p class='ocr_par' dir='ltr' id='par_1_1' title="bbox 206 153 1079 210">
     <span class='ocr_line' id='line_1_1' title="bbox 206 153 1079 210; baseline 0.002 -2"><span class='ocrx_word' id='word_1_1' title='bbox 206 153 345 210; x_wconf 69' lang='lat' dir='ltr'><strong>ARGVM.</strong></span> <span class='ocrx_word' id='word_1_2' title='bbox 366 153 584 210; x_wconf 78' lang='lat' dir='ltr'>ORATIONVM</span> <span class='ocrx_word' id='word_1_3' title='bbox 603 154 788 210; x_wconf 78' lang='lat' dir='ltr'>BREVITER</span> <span class='ocrx_word' id='word_1_4' title='bbox 805 154 930 210; x_wconf 73' lang='lat' dir='ltr'>busca.</span> <span class='ocrx_word' id='word_1_5' title='bbox 1030 155 1079 210; x_wconf 85' lang='lat' dir='ltr'>LV</span> 
     </span>
    </p>
   </div>
   <div class='ocr_carea' id='block_1_2' title="bbox 60 304 1080 1984">
    <p class='ocr_par' dir='ltr' id='par_1_2' title="bbox 61 304 1080 1446">
     <span class='ocr_line' id='line_1_2' title="bbox 63 304 1078 384; baseline -0.001 -19"><span class='ocrx_word' id='word_1_6' title='bbox 63 308 186 366; x_wconf 83' lang='lat' dir='ltr'>oratum</span> <span class='ocrx_word' id='word_1_7' title='bbox 209 309 267 383; x_wconf 83' lang='lat' dir='ltr'>est,</span> <span class='ocrx_word' id='word_1_8' title='bbox 300 305 378 365; x_wconf 85' lang='lat' dir='ltr'>siout</span> <span class='ocrx_word' id='word_1_9' title='bbox 400 307 431 364; x_wconf 91' lang='lat' dir='ltr'>in</span> <span class='ocrx_word' id='word_1_10' title='bbox 460 305 558 365; x_wconf 83' lang='lat' dir='ltr'>causis</span> <span class='ocrx_word' id='word_1_11' title='bbox 589 304 722 381; x_wconf 84' lang='lat' dir='ltr'>Aphobi,</span> <span class='ocrx_word' id='word_1_12' title='bbox 751 304 904 382; x_wconf 78' lang='lat' dir='ltr'><strong>Stephani,</strong></span> <span class='ocrx_word' id='word_1_13' title='bbox 937 306 1078 384; x_wconf 80' lang='lat' dir='ltr'>aliorum3</span> 
     </span>
     <span class='ocr_line' id='line_1_3' title="bbox 65 387 1079 472; baseline 0.001 -19"><span class='ocrx_word' id='word_1_14' title='bbox 65 395 144 453; x_wconf 91' lang='lat' dir='ltr'>unde</span> <span class='ocrx_word' id='word_1_15' title='bbox 165 395 241 453; x_wconf 84' lang='lat' dir='ltr'>duae</span> <span class='ocrx_word' id='word_1_16' title='bbox 260 395 384 454; x_wconf 88' lang='lat' dir='ltr'>fuerunt</span> <span class='ocrx_word' id='word_1_17' title='bbox 397 394 560 472; x_wconf 79' lang='lat' dir='ltr'>Hyperidis</span> <span class='ocrx_word' id='word_1_18' title='bbox 578 390 659 454; x_wconf 86' lang='grc' dir='ltr'>κατὰ</span> <span class='ocrx_word' id='word_1_19' title='bbox 674 387 905 468; x_wconf 81' lang='grc' dir='ltr'>Ἀθηνογένου(</span> <span class='ocrx_word' id='word_1_20' title='bbox 920 395 1079 472; x_wconf 85' lang='lat' dir='ltr'>orationes,</span> 
     </span>
     <span class='ocr_line' id='line_1_4' title="bbox 64 484 1080 560; baseline 0 -18"><span class='ocrx_word' id='word_1_21' title='bbox 64 503 195 559; x_wconf 87' lang='lat' dir='ltr'>quarum</span> <span class='ocrx_word' id='word_1_22' title='bbox 217 484 326 559; x_wconf 75' lang='lat' dir='ltr'>priorIs</span> <span class='ocrx_word' id='word_1_23' title='bbox 349 484 447 543; x_wconf 89' lang='lat' dir='ltr'>maior</span> <span class='ocrx_word' id='word_1_24' title='bbox 468 502 538 558; x_wconf 88' lang='lat' dir='ltr'>pars</span> <span class='ocrx_word' id='word_1_25' title='bbox 561 486 681 559; x_wconf 87' lang='lat' dir='ltr'>reperta</span> <span class='ocrx_word' id='word_1_26' title='bbox 705 486 759 543; x_wconf 90' lang='lat' dir='ltr'>est.</span> <span class='ocrx_word' id='word_1_27' title='bbox 806 484 936 558; x_wconf 83' lang='lat' dir='ltr'><strong>Tempus</strong></span> <span class='ocrx_word' id='word_1_28' title='bbox 960 484 992 541; x_wconf 93' lang='lat' dir='ltr'>in</span> <span class='ocrx_word' id='word_1_29' title='bbox 1014 484 1080 560; x_wconf 85' lang='lat' dir='ltr'>ipsa</span> 
     </span>
     <span class='ocr_line' id='line_1_5' title="bbox 64 571 1078 648; baseline 0 -16"><span class='ocrx_word' id='word_1_30' title='bbox 64 573 201 632; x_wconf 90' lang='lat' dir='ltr'>oratione</span> <span class='ocrx_word' id='word_1_31' title='bbox 225 571 387 648; x_wconf 79' lang='lat' dir='ltr'>indicatur,</span> <span class='ocrx_word' id='word_1_32' title='bbox 415 591 484 631; x_wconf 89' lang='lat' dir='ltr'>oum</span> <span class='ocrx_word' id='word_1_33' title='bbox 511 573 654 632; x_wconf 77' lang='lat' dir='ltr'>dicuntur</span> <span class='ocrx_word' id='word_1_34' title='bbox 680 573 749 648; x_wconf 90' lang='lat' dir='ltr'>plus</span> <span class='ocrx_word' id='word_1_35' title='bbox 774 571 821 631; x_wconf 83' lang='lat' dir='ltr'>CL</span> <span class='ocrx_word' id='word_1_36' title='bbox 846 572 916 631; x_wconf 91' lang='lat' dir='ltr'>anni</span> <span class='ocrx_word' id='word_1_37' title='bbox 943 572 1011 630; x_wconf 88' lang='lat' dir='ltr'>inde</span> <span class='ocrx_word' id='word_1_38' title='bbox 1041 573 1078 632; x_wconf 90' lang='lat' dir='ltr'>ab</span> 
     </span>
     <span class='ocr_line' id='line_1_6' title="bbox 65 654 1079 742; baseline 0 -22"><span class='ocrx_word' id='word_1_39' title='bbox 65 681 144 720; x_wconf 89' lang='lat' dir='ltr'>anno</span> <span class='ocrx_word' id='word_1_40' title='bbox 164 663 230 720; x_wconf 89' lang='grc'>480</span> <span class='ocrx_word' id='word_1_41' title='bbox 245 661 442 737; x_wconf 78' lang='lat' dir='ltr'>praeterlapsi</span> <span class='ocrx_word' id='word_1_42' title='bbox 459 661 552 720; x_wconf 89' lang='lat' dir='ltr'>fuisse</span> <span class='ocrx_word' id='word_1_43' title='bbox 567 654 636 742; x_wconf 86' lang='lat' dir='ltr'>(ool.</span> <span class='ocrx_word' id='word_1_44' title='bbox 654 664 702 734; x_wconf 85' lang='lat'>15,</span> <span class='ocrx_word' id='word_1_45' title='bbox 720 665 760 721; x_wconf 82' lang='grc'>17</span> <span class='ocrx_word' id='word_1_46' title='bbox 773 654 843 740; x_wconf 82' lang='lat' dir='ltr'>sq.);</span> <span class='ocrx_word' id='word_1_47' title='bbox 862 661 964 738; x_wconf 83' lang='lat' dir='ltr'>itaque</span> <span class='ocrx_word' id='word_1_48' title='bbox 984 680 1079 720; x_wconf 87' lang='lat' dir='ltr'>annus</span> 
     </span>
     <span class='ocr_line' id='line_1_7' title="bbox 63 749 1078 827; baseline 0.002 -19"><span class='ocrx_word' id='word_1_49' title='bbox 63 751 125 809; x_wconf 84' lang='lat' dir='ltr'>fuit</span> <span class='ocrx_word' id='word_1_50' title='bbox 156 769 234 809; x_wconf 88' lang='lat' dir='ltr'>unus</span> <span class='ocrx_word' id='word_1_51' title='bbox 274 769 310 809; x_wconf 86' lang='lat' dir='ltr'>ex</span> <span class='ocrx_word' id='word_1_52' title='bbox 347 750 389 809; x_wconf 86' lang='lat' dir='ltr'>eis</span> <span class='ocrx_word' id='word_1_53' title='bbox 424 750 475 827; x_wconf 89' lang='lat' dir='ltr'>qui</span> <span class='ocrx_word' id='word_1_54' title='bbox 510 770 537 809; x_wconf 84' lang='lat' dir='ltr'>a.</span> <span class='ocrx_word' id='word_1_55' title='bbox 565 752 631 809; x_wconf 87' lang='grc'>430</span> <span class='ocrx_word' id='word_1_56' title='bbox 663 751 796 825; x_wconf 84' lang='lat' dir='ltr'>proxime</span> <span class='ocrx_word' id='word_1_57' title='bbox 832 749 961 809; x_wconf 79' lang='lat' dir='ltr'>insecuti</span> <span class='ocrx_word' id='word_1_58' title='bbox 1000 754 1078 810; x_wconf 91' lang='lat' dir='ltr'>sunt.</span> 
     </span>
     <span class='ocr_line' id='line_1_8' title="bbox 64 833 1079 920; baseline 0.002 -23"><span class='ocrx_word' id='word_1_59' title='bbox 64 838 132 908; x_wconf 78' lang='lat' dir='ltr'>Quo</span> <span class='ocrx_word' id='word_1_60' title='bbox 160 857 229 897; x_wconf 89' lang='lat' dir='ltr'>oum</span> <span class='ocrx_word' id='word_1_61' title='bbox 255 841 390 915; x_wconf 88' lang='lat' dir='ltr'>tempore</span> <span class='ocrx_word' id='word_1_62' title='bbox 420 839 513 898; x_wconf 87' lang='lat' dir='ltr'>etiam</span> <span class='ocrx_word' id='word_1_63' title='bbox 538 839 655 915; x_wconf 89' lang='lat' dir='ltr'>reliqua</span> <span class='ocrx_word' id='word_1_64' title='bbox 674 858 755 918; x_wconf 20' lang='lat' dir='ltr'>‘quaa</span> <span class='ocrx_word' id='word_1_65' title='bbox 783 839 887 898; x_wconf 88' lang='lat' dir='ltr'>insunt</span> <span class='ocrx_word' id='word_1_66' title='bbox 910 833 951 915; x_wconf 85' lang='lat' dir='ltr'>(v.</span> <span class='ocrx_word' id='word_1_67' title='bbox 973 841 1023 906; x_wconf 87' lang='lat'>15,</span> <span class='ocrx_word' id='word_1_68' title='bbox 1045 833 1079 920; x_wconf 88' lang='grc'>2)</span> 
     </span>
     <span class='ocr_line' id='line_1_9' title="bbox 63 927 1080 1006; baseline -0.001 -19"><span class='ocrx_word' id='word_1_69' title='bbox 63 928 179 1003; x_wconf 90' lang='lat' dir='ltr'>optime</span> <span class='ocrx_word' id='word_1_70' title='bbox 194 933 373 1005; x_wconf 78' lang='lat' dir='ltr'>congruunt.</span> <span class='ocrx_word' id='word_1_71' title='bbox 410 928 483 986; x_wconf 84' lang='lat' dir='ltr'>Fuit</span> <span class='ocrx_word' id='word_1_72' title='bbox 497 931 599 987; x_wconf 89' lang='lat' dir='ltr'>autem</span> <span class='ocrx_word' id='word_1_73' title='bbox 614 947 723 1006; x_wconf 83' lang='lat' dir='ltr'>magna</span> <span class='ocrx_word' id='word_1_74' title='bbox 737 928 826 987; x_wconf 89' lang='lat' dir='ltr'>huius</span> <span class='ocrx_word' id='word_1_75' title='bbox 841 927 985 987; x_wconf 87' lang='lat' dir='ltr'>orationis</span> <span class='ocrx_word' id='word_1_76' title='bbox 1000 929 1080 1004; x_wconf 86' lang='lat' dir='ltr'>apud</span> 
     </span>
     <span class='ocr_line' id='line_1_10' title="bbox 62 1013 1079 1093; baseline -0.002 -17"><span class='ocrx_word' id='word_1_77' title='bbox 62 1019 184 1076; x_wconf 87' lang='lat' dir='ltr'>veteres</span> <span class='ocrx_word' id='word_1_78' title='bbox 206 1017 300 1076; x_wconf 88' lang='lat' dir='ltr'>fama:</span> <span class='ocrx_word' id='word_1_79' title='bbox 324 1035 399 1093; x_wconf 87' lang='lat' dir='ltr'>quae</span> <span class='ocrx_word' id='word_1_80' title='bbox 424 1035 483 1075; x_wconf 90' lang='lat' dir='ltr'>una</span> <span class='ocrx_word' id='word_1_81' title='bbox 506 1036 575 1076; x_wconf 89' lang='lat' dir='ltr'>eum</span> <span class='ocrx_word' id='word_1_82' title='bbox 594 1036 636 1076; x_wconf 90' lang='lat' dir='ltr'>or.</span> <span class='ocrx_word' id='word_1_83' title='bbox 655 1013 735 1090; x_wconf 84' lang='grc' dir='ltr'>ὑπὲρ</span> <span class='ocrx_word' id='word_1_84' title='bbox 755 1013 882 1091; x_wconf 81' lang='grc' dir='ltr'>Φρύνη(</span> <span class='ocrx_word' id='word_1_85' title='bbox 901 1017 938 1075; x_wconf 88' lang='lat' dir='ltr'>ab</span> <span class='ocrx_word' id='word_1_86' title='bbox 958 1020 1079 1076; x_wconf 87' lang='lat' dir='ltr'>auotore</span> 
     </span>
     <span class='ocr_line' id='line_1_11' title="bbox 62 1097 1079 1187; baseline 0.002 -24"><span class='ocrx_word' id='word_1_87' title='bbox 62 1104 137 1164; x_wconf 85' lang='lat' dir='ltr'>libri</span> <span class='ocrx_word' id='word_1_88' title='bbox 159 1102 233 1178; x_wconf 83' lang='grc' dir='ltr'>περὶ</span> <span class='ocrx_word' id='word_1_89' title='bbox 256 1101 359 1178; x_wconf 79' lang='grc' dir='ltr'>ὕψου(</span> <span class='ocrx_word' id='word_1_90' title='bbox 379 1097 421 1187; x_wconf 87' lang='lat' dir='ltr'>(v.</span> <span class='ocrx_word' id='word_1_91' title='bbox 441 1125 533 1182; x_wconf 88' lang='lat' dir='ltr'>supra</span> <span class='ocrx_word' id='word_1_92' title='bbox 555 1126 582 1180; x_wconf 94' lang='lat' dir='ltr'>p.</span> <span class='ocrx_word' id='word_1_93' title='bbox 603 1097 746 1187; x_wconf 87' lang='lat' dir='ltr'>XLVIII)</span> <span class='ocrx_word' id='word_1_94' title='bbox 765 1109 800 1166; x_wconf 94' lang='lat' dir='ltr'>ut</span> <span class='ocrx_word' id='word_1_95' title='bbox 823 1106 991 1182; x_wconf 82' lang='lat' dir='ltr'>exemplum</span> <span class='ocrx_word' id='word_1_96' title='bbox 1015 1106 1079 1165; x_wconf 90' lang='lat' dir='ltr'>eius</span> 
     </span>
     <span class='ocr_line' id='line_1_12' title="bbox 61 1194 1080 1271; baseline 0.001 -19"><span class='ocrx_word' id='word_1_97' title='bbox 61 1194 183 1271; x_wconf 84' lang='lat' dir='ltr'>generis</span> <span class='ocrx_word' id='word_1_98' title='bbox 211 1194 377 1254; x_wconf 73' lang='lat' dir='ltr'>subtilioris</span> <span class='ocrx_word' id='word_1_99' title='bbox 410 1197 440 1253; x_wconf 86' lang='lat' dir='ltr'>et</span> <span class='ocrx_word' id='word_1_100' title='bbox 472 1194 635 1254; x_wconf 86' lang='lat' dir='ltr'>festivioris</span> <span class='ocrx_word' id='word_1_101' title='bbox 669 1196 801 1268; x_wconf 86' lang='lat' dir='ltr'>affertur,</span> <span class='ocrx_word' id='word_1_102' title='bbox 830 1196 942 1271; x_wconf 89' lang='lat' dir='ltr'>inquo</span> <span class='ocrx_word' id='word_1_103' title='bbox 972 1198 1003 1253; x_wconf 90' lang='lat' dir='ltr'>et</span> <span class='ocrx_word' id='word_1_104' title='bbox 1033 1213 1080 1253; x_wconf 84' lang='lat' dir='ltr'>ex-</span> 
     </span>
     <span class='ocr_line' id='line_1_13' title="bbox 61 1278 1079 1360; baseline 0 -18"><span class='ocrx_word' id='word_1_105' title='bbox 61 1282 205 1342; x_wconf 83' lang='lat' dir='ltr'>celluerit</span> <span class='ocrx_word' id='word_1_106' title='bbox 235 1278 405 1360; x_wconf 82' lang='lat' dir='ltr'>Hyperides</span> <span class='ocrx_word' id='word_1_107' title='bbox 437 1302 534 1360; x_wconf 89' lang='lat' dir='ltr'>neque</span> <span class='ocrx_word' id='word_1_108' title='bbox 566 1283 783 1343; x_wconf 87' lang='lat' dir='ltr'>Demosthenes</span> <span class='ocrx_word' id='word_1_109' title='bbox 819 1284 883 1360; x_wconf 89' lang='lat' dir='ltr'>ipse</span> <span class='ocrx_word' id='word_1_110' title='bbox 921 1302 990 1342; x_wconf 88' lang='lat' dir='ltr'>oum</span> <span class='ocrx_word' id='word_1_111' title='bbox 1025 1283 1079 1342; x_wconf 91' lang='lat' dir='ltr'>illo</span> 
     </span>
     <span class='ocr_line' id='line_1_14' title="bbox 62 1372 346 1446; baseline -0.007 -14"><span class='ocrx_word' id='word_1_112' title='bbox 62 1375 183 1432; x_wconf 81' lang='lat' dir='ltr'>certare</span> <span class='ocrx_word' id='word_1_113' title='bbox 205 1372 346 1446; x_wconf 90' lang='lat' dir='ltr'>potuerit.</span> 
     </span>
    </p>

    <p class='ocr_par' dir='ltr' id='par_1_3' title="bbox 60 1458 1080 1984">
     <span class='ocr_line' id='line_1_15' title="bbox 156 1458 1078 1522; baseline 0.002 -5"><span class='ocrx_word' id='word_1_114' title='bbox 156 1458 207 1518; x_wconf 93' lang='lat' dir='ltr'>Or.</span> <span class='ocrx_word' id='word_1_115' title='bbox 225 1459 277 1520; x_wconf 92' lang='lat' dir='ltr'>VI.</span> <span class='ocrx_word' id='word_1_116' title='bbox 314 1459 483 1521; x_wconf 82' lang='lat' dir='ltr'>Leosthene</span> <span class='ocrx_word' id='word_1_117' title='bbox 510 1461 542 1520; x_wconf 89' lang='lat' dir='ltr'>in</span> <span class='ocrx_word' id='word_1_118' title='bbox 570 1462 723 1522; x_wconf 86' lang='lat' dir='ltr'>obsidione</span> <span class='ocrx_word' id='word_1_119' title='bbox 747 1461 869 1520; x_wconf 87' lang='lat' dir='ltr'>Lamiae</span> <span class='ocrx_word' id='word_1_120' title='bbox 900 1479 985 1520; x_wconf 86' lang='lat' dir='ltr'>caeso</span> <span class='ocrx_word' id='word_1_121' title='bbox 1010 1480 1078 1520; x_wconf 89' lang='lat' dir='ltr'>oon·</span> 
     </span>
     <span class='ocr_line' id='line_1_16' title="bbox 61 1549 1077 1627; baseline -0.001 -18"><span class='ocrx_word' id='word_1_122' title='bbox 61 1549 204 1609; x_wconf 88' lang='lat' dir='ltr'>siliorum</span> <span class='ocrx_word' id='word_1_123' title='bbox 236 1549 300 1609; x_wconf 89' lang='lat' dir='ltr'>eius</span> <span class='ocrx_word' id='word_1_124' title='bbox 334 1549 430 1609; x_wconf 88' lang='lat' dir='ltr'>sooius</span> <span class='ocrx_word' id='word_1_125' title='bbox 462 1550 630 1626; x_wconf 88' lang='lat' dir='ltr'>Hyperides</span> <span class='ocrx_word' id='word_1_126' title='bbox 663 1569 681 1609; x_wconf 92' lang='lat' dir='ltr'>a</span> <span class='ocrx_word' id='word_1_127' title='bbox 713 1550 824 1627; x_wconf 90' lang='lat' dir='ltr'>populo</span> <span class='ocrx_word' id='word_1_128' title='bbox 857 1550 990 1609; x_wconf 84' lang='lat' dir='ltr'>delectus</span> <span class='ocrx_word' id='word_1_129' title='bbox 1022 1553 1077 1627; x_wconf 81' lang='lat' dir='ltr'>est,</span> 
     </span>
     <span class='ocr_line' id='line_1_17' title="bbox 60 1637 1079 1715; baseline 0.001 -19"><span class='ocrx_word' id='word_1_130' title='bbox 60 1638 116 1714; x_wconf 89' lang='lat' dir='ltr'>qui</span> <span class='ocrx_word' id='word_1_131' title='bbox 141 1637 228 1696; x_wconf 89' lang='lat' dir='ltr'>illurn</span> <span class='ocrx_word' id='word_1_132' title='bbox 251 1657 360 1715; x_wconf 89' lang='lat' dir='ltr'>eosque</span> <span class='ocrx_word' id='word_1_133' title='bbox 385 1639 437 1715; x_wconf 89' lang='lat' dir='ltr'>qui</span> <span class='ocrx_word' id='word_1_134' title='bbox 459 1658 520 1697; x_wconf 92' lang='lat' dir='ltr'>una</span> <span class='ocrx_word' id='word_1_135' title='bbox 542 1639 574 1698; x_wconf 92' lang='lat' dir='ltr'>in</span> <span class='ocrx_word' id='word_1_136' title='bbox 592 1640 646 1698; x_wconf 86' lang='lat' dir='ltr'>illa</span> <span class='ocrx_word' id='word_1_137' title='bbox 664 1640 851 1715; x_wconf 76' lang='lat' dir='ltr'>expeditione</span> <span class='ocrx_word' id='word_1_138' title='bbox 877 1638 1079 1699; x_wconf 75' lang='lat' dir='ltr'>occubuerant</span> 
     </span>
     <span class='ocr_line' id='line_1_18' title="bbox 63 1726 1080 1798; baseline -0.002 -11"><span class='ocrx_word' id='word_1_139' title='bbox 63 1726 204 1787; x_wconf 89' lang='lat' dir='ltr'>oratione</span> <span class='ocrx_word' id='word_1_140' title='bbox 228 1727 351 1786; x_wconf 87' lang='lat' dir='ltr'>funebri</span> <span class='ocrx_word' id='word_1_141' title='bbox 383 1728 575 1788; x_wconf 81' lang='lat' dir='ltr'>collaudaret.</span> <span class='ocrx_word' id='word_1_142' title='bbox 623 1728 709 1798; x_wconf 79' lang='lat' dir='ltr'>Quod</span> <span class='ocrx_word' id='word_1_143' title='bbox 731 1729 846 1788; x_wconf 82' lang='lat' dir='ltr'>factum</span> <span class='ocrx_word' id='word_1_144' title='bbox 878 1728 974 1786; x_wconf 91' lang='lat' dir='ltr'>hieme</span> <span class='ocrx_word' id='word_1_145' title='bbox 1009 1727 1080 1786; x_wconf 90' lang='lat' dir='ltr'>anni</span> 
     </span>
     <span class='ocr_line' id='line_1_19' title="bbox 62 1814 1077 1893; baseline 0.001 -19"><span class='ocrx_word' id='word_1_146' title='bbox 62 1817 103 1875; x_wconf 92' lang='lat' dir='ltr'>ol.</span> <span class='ocrx_word' id='word_1_147' title='bbox 121 1818 196 1892; x_wconf 82' lang='lat'>114,</span> <span class='ocrx_word' id='word_1_148' title='bbox 211 1819 240 1893; x_wconf 90' lang='grc'>2,</span> <span class='ocrx_word' id='word_1_149' title='bbox 259 1835 286 1877; x_wconf 93' lang='grc'>1.</span> <span class='ocrx_word' id='word_1_150' title='bbox 301 1814 368 1875; x_wconf 81' lang='grc'><strong>0111,</strong></span> <span class='ocrx_word' id='word_1_151' title='bbox 384 1835 410 1875; x_wconf 84' lang='lat' dir='ltr'>a.</span> <span class='ocrx_word' id='word_1_152' title='bbox 427 1819 499 1892; x_wconf 90' lang='grc'><strong>322,</strong></span> <span class='ocrx_word' id='word_1_153' title='bbox 519 1836 587 1876; x_wconf 84' lang='lat' dir='ltr'>cum</span> <span class='ocrx_word' id='word_1_154' title='bbox 605 1817 666 1876; x_wconf 91' lang='lat' dir='ltr'>iam</span> <span class='ocrx_word' id='word_1_155' title='bbox 684 1818 808 1876; x_wconf 88' lang='lat' dir='ltr'>nuntius</span> <span class='ocrx_word' id='word_1_156' title='bbox 827 1818 863 1875; x_wconf 90' lang='lat' dir='ltr'>de</span> <span class='ocrx_word' id='word_1_157' title='bbox 882 1836 915 1875; x_wconf 88' lang='lat' dir='ltr'>re</span> <span class='ocrx_word' id='word_1_158' title='bbox 934 1817 1077 1877; x_wconf 87' lang='lat' dir='ltr'>adversus</span> 
     </span>
     <span class='ocr_line' id='line_1_20' title="bbox 60 1904 942 1984; baseline 0.005 -20"><span class='ocrx_word' id='word_1_159' title='bbox 60 1904 255 1964; x_wconf 85' lang='lat' dir='ltr'>Leonnatum</span> <span class='ocrx_word' id='word_1_160' title='bbox 278 1924 419 1981; x_wconf 88' lang='lat' dir='ltr'>prospere</span> <span class='ocrx_word' id='word_1_161' title='bbox 443 1908 530 1984; x_wconf 83' lang='lat' dir='ltr'>gesta</span> <span class='ocrx_word' id='word_1_162' title='bbox 553 1908 687 1966; x_wconf 86' lang='lat' dir='ltr'>Athenas</span> <span class='ocrx_word' id='word_1_163' title='bbox 711 1907 905 1982; x_wconf 87' lang='lat' dir='ltr'>pervenisset.</span> <span class='ocrx_word' id='word_1_164' title='bbox 940 1963 942 1968; x_wconf 88' lang='lat'><em>.</em></span> 
     </span>
    </p>
   </div>
   <div class='ocr_carea' id='block_1_3' title="bbox 0 0 1194 3944">
    <p class='ocr_par' dir='ltr' id='par_1_4' title="bbox 0 0 1194 3944">
     <span class='ocr_line' id='line_1_21' title="bbox 0 0 1194 3944; baseline 0 2"><span class='ocrx_word' id='word_1_165' title='bbox 0 0 1194 3944; x_wconf 95' lang='lat' dir='ltr'> </span> 
     </span>
    </p>
   </div>
  </div>
 </body>
</html>
