2392 3960
135 178 224 234 XLVI
443 175 492 230 DE
510 174 593 231 HYP.
612 173 847 240 ELOQVENTIA

135 329 309 404 διηγεῑςθαι
331 324 371 388 τὰ
394 323 593 402 πραχθέντα,
616 322 668 386 καί
686 321 813 386 τούτοις
832 320 891 385 οὐκ
909 321 1059 399 ἐνοχλεῖν
1078 323 1156 385 τοὺς

82 432 116 481 27
136 413 290 478 δικαςτοίς.
316 449 355 460 -
385 413 533 490 ἐπέμφθη
563 412 598 475 δὲ
627 410 678 474 καὶ
705 411 787 489 πρὸς
811 409 956 475 Ἠλείους
988 408 1155 490 ἀπολογη-

139 503 272 581 ςόμενος
296 501 376 581 ὑπὲρ
403 500 589 566 Καλλίππου
612 503 671 563 τοῦ
699 498 853 579 ἀθλητοῦ,
886 498 1020 577 ἔχοντος
1049 498 1156 564 αἰτίαν

82 610 116 660 28
139 596 270 672 φθεῖραι
293 592 351 656 τὸν
374 589 495 669 ἀγῶνα,
519 590 570 653 καί
593 589 723 666 ἐνίκηςε.
747 625 800 651 -.
814 589 1023 668 γραψάμενος
1042 589 1079 651 δὲ
1103 589 1156 652 καὶ

134 684 193 760 τὴν
224 680 397 746 Φωκίωνος
421 676 561 757 δωρεάν,
584 681 624 758 ἣν
649 675 718 741 εἷπε
743 677 877 741 Μειδία(
902 676 1036 742 Μειδίου
1060 674 1155 741 Ἀνα-

133 769 282 848 γυράςιος
305 767 360 832 ἐπ’
384 767 582 833 Εὐξενίππου
607 764 778 845 ἄρχοντος,
804 768 1008 845 Γαμηλιῶνος
1032 765 1153 850 ἑβδόμῃ

133 859 316 938 φθίνοντος,
339 858 466 937 ἡττήθη.

216 1143 295 1216 DE
323 1140 646 1217 HYPERIDIS
674 1139 1067 1236 ELOQVENTIA

468 1294 609 1350 ινοιοιι
628 1294 815 1352 ναπαυνιι.

221 1482 385 1560 Dionysius
409 1476 567 1556 Ἀρχαίων
591 1477 685 1556 κμίςις
704 1482 740 1559 V,
762 1486 779 1543 6
796 1475 862 1565 (qui
881 1482 958 1542 liber
977 1502 993 1542 e
1011 1482 1152 1561 Dionysii

132 1568 204 1646 περὶ
227 1568 383 1646 μιμήςεως
406 1569 621 1631 commentario
645 1572 774 1631 seeundo
798 1575 956 1648 excerptus
980 1566 1051 1649 est):

220 1656 258 1721 ‘0
282 1657 318 1719 δὲ
341 1655 534 1734 Ὑπερείδης
558 1654 709 1734 εὔςτοχος
728 1658 795 1735 μέν,
820 1657 953 1721 ςπάνιον
977 1653 1005 1720 δ’
1025 1657 1151 1735 αὐξητι-

131 1744 203 1809 κός’
237 1745 288 1808 καί
311 1751 348 1828 τῇ
378 1746 435 1823 μὲν
458 1750 515 1824 τῆς
538 1742 686 1823 φράςεως
714 1752 887 1831 καταςκευῇ
911 1745 1028 1810 Λυςίαν
1051 1745 1150 1826 ὑπερ-

131 1917 217 1970 supre
240 1900 332 1954 attuli.
354 1932 386 1940 -
406 1907 479 1966 §2⁷-
502 1900 622 1957 Pensan.
643 1900 676 1968 V,
691 1907 734 1966 21,
750 1907 780 1956 δι
803 1905 885 1970 φαςίν
910 1902 1059 1969 Ἀθηναῖον
1083 1904 1151 1958 Κάλ-

129 1977 210 2027 λιπον
229 1973 387 2039 ἀθλήςαντα
404 1973 560 2026 πένταθλον
582 1974 765 2041 ἐξωνήςαςθαι
783 1977 850 2028 τοὺς
869 1974 1151 2041 ἀνταγωνιουμένους

129 2045 259 2111 χρήμαςι,
283 2043 417 2109 δευτέραν
436 2045 467 2097 δὲ
486 2044 530 2097 ἐπὶ
548 2050 608 2098 ταῖς
627 2045 756 2098 δέκακαὶ
776 2047 876 2100 ἑκατὸν
899 2046 1059 2111 ὀλυμπιάδα
1076 2047 1150 2101 εἶναι

129 2117 246 2182 ταύτην.
275 2115 463 2182 ἐπιβληθείςης
477 2116 507 2169 δὲ
520 2121 562 2184 τῷ
578 2114 723 2185 Καλλίππῳ
739 2119 783 2170 καί
801 2123 861 2171 τοῖς
879 2117 1151 2183 ἀνταγωνιςαμένοις

130 2186 227 2254 ζημίας
240 2187 295 2239 ὑπὸ
311 2184 434 2253 Ἠλείων,
454 2187 664 2240 ἀποςτέλλουςιν
680 2188 843 2254 Ὑπερείδην
859 2189 1000 2254 Ἀθηναῖοι
1016 2188 1150 2243 πείςοντα

131 2256 255 2312 Ἠλείους
272 2257 386 2325 ἀφεῖναί
404 2273 474 2322 ςφιςι
491 2260 545 2324 τὴν
569 2258 676 2324 Ζημίαν.
713 2259 931 2313 ἀπειπόντων
955 2261 990 2313 δὲ
1009 2258 1150 2314 Ἠλείων

128 2332 191 2396 την
210 2330 309 2395 χάριν
328 2329 383 2382 κτὲ.
413 2327 486 2382 Hinc
505 2331 630 2397 apparet,
650 2328 753 2382 falsum
772 2346 833 2384 esse
853 2329 929 2398 quod
948 2329 1030 2383 addit
1043 2330 1148 2400 biegn:

128 2404 174 2454 καὶ
198 2399 311 2466 ἐνίκηςε.
332 2429 365 2440 -
389 2403 462 2466 §28.
486 2400 532 2453 ἐπ’
552 2399 722 2455 Εὐξενίππου
747 2400 880 2454 Sohaefer
903 2400 1078 2457 emendavit:
1105 2404 1150 2457 ἐπί

128 2471 228 2525 Ξενίου
252 2468 328 2524 libri.
366 2470 401 2524 ef.
425 2468 528 2526 Philol.
546 2469 598 2537 lx,
619 2476 668 2526 163
680 2488 740 2540 sqq.
764 2472 861 2540 itaque
887 2471 963 2525 idem
989 2470 1149 2544 Glaucippo

129 2540 280 2611 Hyperidis
303 2540 362 2595 filio
385 2542 458 2595 hane
482 2541 639 2595 orationem
661 2542 764 2598 tribuit
787 2543 850 2598 coll.
871 2543 943 2598 Plue.
964 2542 1049 2598 Phoe.
1064 2549 1094 2599 4:
1125 2545 1149 2599 εἰ

128 2614 182 2679 γὰρ
205 2615 240 2679 ἦν
264 2610 424 2682 (Phocion),
450 2614 489 2667 ὥς
514 2630 598 2681 φηςιν
625 2615 785 2683 Ἰδομενεύς,
812 2618 1008 2670 δοιδυκοποιοῦ
1032 2618 1147 2686 πατρὸς,

129 2685 181 2737 οὐκ
195 2685 229 2737 ἂν
243 2685 273 2738 ἐν
286 2691 328 2752 τῷ
347 2686 423 2753 λόγῳ
443 2686 460 2738 Γ
461 2688 484 2739 λ.
499 2687 515 2738 ὁ
532 2685 703 2754 Ὑπερείδου,
724 2688 807 2753 μυρία
827 2688 992 2753 ςυνειλοχὼς
1010 2690 1055 2741 καί
1074 2686 1148 2756 είρη·

128 2756 185 2809 κὼς
202 2756 282 2824 κακά,
300 2758 353 2822 τὴν
373 2757 531 2822 δυςγένειαν
549 2761 681 2824 παρῆκεν.

199 2894 400 2964 Αιιίίηιιίοιιιιιι
422 2895 557 2967 Dionysio
582 2896 748 2968 scripiorum
772 2896 943 2953 Graecorum
960 2915 1046 2968 unus,
1069 2899 1147 2967 quod

127 2984 179 3022 noo
196 2965 327 3035 sciemus,
345 2966 504 3023 Demetrius
518 2969 636 3038 Magnes
652 2985 697 3038 op.
712 2969 824 3039 Dionys.
839 2969 902 3026 Din.
920 2977 933 3023 1
949 2986 1039 3039 genus
1052 2969 1147 3040 Hype-

128 3037 198 3092 ridis
213 3036 391 3106 eloquentiae
407 3039 533 3107 attingit,
548 3039 582 3094 de
596 3039 738 3095 Dinareho
754 3041 862 3096 dicens:
882 3044 937 3096 ἔςτι
950 3041 1047 3096 τοίνυν
1062 3043 1148 3097 οὗτος

129 3142 160 3150 -
181 3111 264 3165 οὐδὲν
283 3110 442 3164 ἀπολείπων
460 3116 511 3179 τῆς
531 3112 692 3178 Ὑπερείδου
711 3113 832 3180 χάριτος.
867 3112 950 3182 Apud
968 3114 1061 3182 ipsum
1078 3111 1147 3167 Dio·

126 3181 239 3250 nysium
256 3179 287 3233 in
301 3180 341 3235 eis
356 3180 434 3234 libris
450 3183 499 3250 qui
514 3181 606 3237 adhue
620 3189 736 3238 manent
750 3182 862 3238 nonita
876 3182 1038 3252 frequenter
1052 3183 1145 3254 Hype-

127 3250 196 3306 ridis
215 3252 322 3306 mentio
341 3251 385 3317 fit;
408 3252 458 3305 sed
477 3251 538 3323 egit
556 3254 591 3307 de
611 3270 643 3308 eo
663 3255 693 3308 in
712 3256 835 3310 ςυντάξει
855 3255 976 3309 secunda
995 3256 1089 3324 operis
1110 3256 1145 3310 de

128 3322 252 3392 antiquis
279 3322 450 3392 oratoribus,
475 3324 579 3394 quippe
603 3341 687 3393 quem
710 3326 961 3396 praesiantissimis
986 3325 1145 3381 oratoribus

128 3411 176 3449 sex
202 3394 408 3449 adnumeraret.
445 3395 480 3450 οί.
499 3414 527 3449 π.
547 3414 571 3450 τ.
596 3398 656 3464 ἀρχ.
676 3400 737 3465 ῥητ.
762 3414 883 3467 ριοοοιιι.
910 3416 933 3454 c.
953 3404 983 3466 43
1010 3397 1045 3451 de
1073 3399 1144 3453 Ione.

128 3471 211 3533 extr.;
235 3465 270 3520 de
288 3465 420 3521 Dinareh.
440 3485 462 3522 c.
479 3471 493 3519 1
513 3465 574 3523 init.
596 3498 627 3508 —
648 3469 788 3539 εὔςτοχος]
812 3472 927 3524 εὔτονος
949 3468 1060 3524 Moneo.
1078 3468 1143 3525 fort.

127 3539 218 3605 recte;
247 3536 282 3592 of.
303 3539 388 3593 antea
410 3542 443 3605 ἐξ
458 3544 483 3594 4.
503 3541 527 3594 ὅ.
548 3570 581 3579 -
602 3539 714 3612 Λυςίαν]
738 3539 773 3594 ef.
797 3540 832 3594 de
855 3539 919 3595 Din.
945 3558 968 3598 ο.
983 3547 1012 3595 5:
1039 3546 1091 3595 τοθ
1120 3539 1144 3595 δ’
