2378 3944
124 173 191 237 120
492 177 764 233 ΑΠΟ(ΠΑ(ΜΑΤΙΑ

71 342 112 380 ιιι
217 321 290 385 147
318 319 450 404 ἡγεμὼν
478 324 679 405 συμμορίας·
703 359 743 370 -
768 326 818 403 ἡγ.
847 326 996 390 ἐκαλεῖτο
1027 348 1129 405 ευμμο-
1177 324 1179 329 ’

24 443 27 449 ¹
126 411 196 489 ρίαε
220 410 239 473 ὁ
263 413 414 488 προέχων
437 416 482 494 τῷ
511 413 643 496 πλούτῳ
671 414 722 476 καὶ
745 414 798 477 διὰ
820 418 918 478 τοῦτο
942 420 1010 479 τῶν
1033 414 1130 481 ἄλλων

125 499 335 579 ἡγεμονεύειν
367 501 610 579 ἐπειλημμένοι,
643 501 687 564 ὼε
720 502 896 582 ὑποφαίνει
923 504 1040 569 “.’Υπ
1029 527 1064 569 εν
1093 511 1129 568 ιδ

127 589 207 653 κατὰ
230 590 311 652 Πολ.
358 586 515 670 Harpoer

71 697 112 738 ιτα
216 674 310 741 *146
335 678 417 741 Ῐοὺε
442 680 477 741 δὲ
502 676 662 756 ἄρχοντα(
684 683 750 743 τῶν
770 684 973 760 ευμμοριτῶν
993 685 1044 747 καὶ
1062 700 1132 766 συμ-

126 764 307 852 μοριάρχας
329 766 404 829 ἫΥπ
430 765 563 845 εἴρηκεν.
610 765 690 831 Poll.
710 767 769 849 ΙΙΙ,
793 768 847 834 53.

73 877 113 916 ιτο
217 852 317 918 *149.
345 856 395 918 καὶ
425 855 578 933 ευμμορία
606 857 657 920 καὶ
687 859 725 920 τὸ
754 857 835 936 παρ’
857 858 934 923 Υπ.
959 867 1134 942 μετοικικῆς

129 945 315 1028 συμμορίας
337 947 461 1026 ταμίας.
507 944 589 1008 Poll.
608 943 700 1027 VIII,
721 947 793 1010 144.

73 1055 114 1094 ια
220 1032 293 1097 150.
318 1031 449 1117 ἀγοράς.
480 1032 557 1097 “.Υπ
581 1034 617 1098 ἐν
640 1038 687 1117 τῷ
710 1037 790 1100 κατὰ
812 1039 894 1101 Πολ.
919 1059 953 1101 π.
978 1059 1005 1102 τ.
1029 1043 1135 1115 διαγρ.

129 1116 223 1187 οὗτοι
252 1120 456 1197 πολλάκις’
439 1122 562 1206 αγορὰς
590 1133 774 1188 ποιοῦνται.
827 1128 951 1203 μήποτε
988 1127 1059 1192 ἀντὶ
1086 1131 1136 1189 τοῦ

128 1210 283 1274 ευνόδουε
306 1215 372 1275 νῦν.
420 1209 534 1296 Harp.;
565 1211 604 1276 ef.
627 1211 743 1298 fragm.
767 1214 915 1278 cantabr.
938 1239 971 1300 p.
993 1215 1138 1296 664,11;

128 1299 165 1363 B.
184 1300 223 1363 A.
243 1323 273 1382 p.
293 1300 367 1378 330,
393 1300 442 1362 10.

74 1411 113 1450 ιτα
218 1388 291 1453 151.
315 1387 582 1465 &vaovvwzgag’
567 1391 638 1454 αντὶ
660 1395 718 1454 τοῦ
742 1389 868 1456 ἄνωθεν
889 1393 1049 1459 ευντάξαε
1071 1394 1138 1457 Ὑπ.

128 1478 208 1542 κατὰ
231 1480 312 1542 Πολ.
358 1476 461 1561 Harp.

75 1587 114 1628 ιτα
220 1566 293 1631 152.
325 1567 523 1650 διάγραμμα.
546 1603 588 1613 -
612 1569 650 1632 τὸ
680 1567 877 1646 ταττόμενον
906 1571 944 1634 ἐν
974 1576 1047 1636 ταῖς
1077 1593 1139 1650 ευμ-

130 1656 266 1735 μορίαιε,
300 1655 421 1720 δπόεον
452 1657 584 1721 ἕκαετον
617 1654 719 1735 ἄνδρα
752 1658 910 1737 εἰεφέρειν
942 1663 1003 1725 δεῖ.
1059 1661 1139 1726 ἐτάτ-

129 1766 204 1809 τετο
237 1747 273 1808 δὲ
306 1745 345 1809 οὐ
378 1746 416 1808 τὸ
449 1745 528 1808 αὐτὸ
561 1749 670 1824 πᾶειν,
703 1746 787 1810 ἀλλὰ
819 1748 900 1825 πρὸ(
933 1752 996 1828 τὴν
1028 1750 1139 1827 τίμηειν

129 1840 185 1914 τῆ(
209 1835 324 1898 οὐείαε.
358 1834 431 1912 περὶ
453 1836 489 1896 δὲ
513 1833 638 1898 τούτων
663 1837 843 1914 εαφέετατα
862 1840 1051 1917 δεδήλωκεν
1073 1838 1139 1902 ἫΥπ

130 1925 167 1988 ἑν
207 1929 253 2006 τῷ
295 1923 376 1987 κατὰ
416 1925 496 1987 Πολ.
528 1924 602 2000 περὶ
643 1924 885 2003 διαγράμματα(
942 1927 1140 2037 διαρραφεὺς
1170 1930 1175 1967 ³

131 2016 239 2090 μέντοι
272 2010 398 2076 ἐετὶν“
385 2032 405 2073 o
435 2011 661 2091 καθιετάμενοε
697 2013 734 2077 ἐν
770 2019 840 2078 ταῖε
877 2018 1067 2096 ευμμορίαιε
1097 2017 1140 2081 ἐπὶ

130 2109 175 2187 τῷ
200 2105 357 2179 διακρῖναι
386 2099 487 2164 πόεον
517 2099 692 2165 ἕκαετοε
677 2104 757 2180 ανὴρ
789 2103 984 2180 εἰεενεγκεῖν
1016 2106 1139 2186 ὀφείλει,

129 2194 173 2257 ὼε
198 2191 216 2255 δ
241 2191 337 2254 αὐτὸ(
361 2189 458 2254 πάλιν
482 2190 628 2268 φανερὸν
651 2195 738 2254 ποιεῖ
760 2192 796 2255 ἐν
823 2198 869 2276 τῷ
899 2195 984 2258 κατὰ
1003 2195 1139 2260 Πολυεύ-
1177 2230 1179 2241 ·

129 2304 214 2348 κτου.
261 2279 361 2362 Harp

76 2393 115 2432 ιω
221 2369 294 2434 153.
320 2369 506 2452 Θαργήλια·
529 2368 644 2433 Ὑπέ
647 2374 733 2451 ντῴ
757 2369 839 2433 κατὰ
863 2372 946 2434 Πολ.
992 2372 1140 2458 Harpoer

77 2482 116 2520 181
222 2459 296 2524 154.
326 2455 551 2542 ὀβολοστααας
578 2455 607 2520 δ
637 2457 753 2534 ἔλεγον
782 2461 858 2523 τοὺε
890 2463 1076 2543 δανειετάε,
1105 2461 1140 2525 pc

131 2549 219 2628 παρά
246 2570 282 2613 τε
304 2547 381 2611 ἫΥπ
410 2549 446 2611 ἐν
478 2552 524 2630 τῷ
557 2547 637 2611 κατὰ
659 2549 740 2612 Πολ.
769 2549 821 2611 καὶ
853 2549 1060 2615 πολλάκιε’
1048 2574 1083 2617 εν
1111 2555 1179 2632 τῇ

132 2637 289 2720 κωμῳδίᾳ.
335 2636 493 2720 Harpocr.
513 2659 537 2699 s.
556 2658 585 2700 τ.
610 2636 825 2716 ὀβολοετατεῖ.

77 2837 142 2878 απτ
177 2813 309 2879 XLVII.
333 2816 423 2879 ΠΕΡΙ
448 2815 537 2884 ΤΟΥ,
554 2814 830 2879 ΠΟΛΥΕΥΚῘΟΝ
855 2814 1109 2885 (ῘΡΑΤΗΓΕΙΝ.

79 2964 119 3004 182
223 2938 297 3003 155.
311 2936 441 3003 ’Ἀκτιω
460 2939 535 3003 Ὑπ.
551 2940 587 3004 ἐν
601 2943 646 3022 τῷ
661 2939 735 3016 περὶ
747 2942 806 3002 τοῦ
816 2940 897 3002 Πολ.
913 2959 1023 3020 ετρατ.
1047 2943 1147 3010 Ἀκτια

134 3030 224 3106 ἀγὼν
247 3031 384 3092 παλαιὸε
407 3029 455 3108 ἦν.
502 3026 659 3110 Harpoer.

79 3142 119 3182 ια.
225 3116 297 3182 156.
322 3116 489 3199 ἀλιμενία·
513 3117 588 3180 Ὑπ.
613 3118 649 3181 ἐν
668 3121 714 3201 τῷ
733 3139 764 3179 π.
785 3138 810 3180 τ.
830 3119 911 3181 Πολ.
933 3138 1042 3197 ετρατ.
1063 3119 1146 3186 Aufi-

207 3335 259 3384 150
279 3327 413 3398 οὗτοι]
386 3345 447 3381 οων
462 3329 540 3381 οὗτοι
555 3326 701 3381 παρωλ-
715 3332 861 3381 ποιοῦνται
876 3325 930 3396 frg.
946 3331 1036 3399 cant„
1052 3328 1147 3387 anecd.

134 3402 214 3472 epit:
239 3406 448 3455 ποιοῦντεε-
468 3405 518 3452 152
539 3399 612 3470 Ὑπ.]
633 3400 785 3465 Ἰεοκράτηε
802 3397 890 3452 Ν.-
912 3403 965 3454 155
984 3403 1085 3458 ἄκτεια
1102 3399 1147 3457 ΑΗ

133 3475 211 3539 Ald.‚
231 3472 325 3528 ἀκτεία
344 3469 430 3538 BFH,
452 3471 532 3524 ἀκτία
551 3468 597 3523 CK
616 3468 736 3538 epit.-
757 3471 817 3522 Ὑπ.
837 3473 903 3537 post
920 3471 1148 3538 Πολυεύκτουθ,

135 3561 189 3599 om.
205 3518 284 3600 ’3,-
303 3545 476 3598 πολυεύκτοιι
496 3541 675 3596 ΒΟΕἮΚμ-
693 3545 743 3594 156
762 3542 936 3595 πολυεύκτου
957 3543 1022 3600 cod.
1034 3562 1105 3615 apr.
1117 3560 1149 3598 m.
