2378 3944
440 151 713 206 ΑΠΟΕΠΑΕΜΑΤΙΑ
1019 152 1083 216 105

66 312 132 360 σαν
157 294 270 360 ἐλθεῖν
294 272 342 371 τίς
371 296 432 377 τὴν
462 296 574 379 χώραν
603 296 665 378 τὴν
692 294 869 378 ἡμετέραν,
899 295 954 362 καί
985 302 1080 362 λῦσαι

65 385 129 468 τὴν
163 385 270 467 ζώνην
303 383 340 449 έν
371 386 417 471 τῷ
449 387 555 470 τόπῳ,
592 384 629 460 ὃς
660 393 725 449 νῦν
756 387 893 470 Ζωστὴρ
925 391 1082 451 καλεῖται.

64 471 195 557 Syrian.
213 475 248 538 in
265 473 422 556 Hermog.
441 475 490 539 ed.
508 475 599 538 Rabe
618 472 633 537 I
654 496 684 557 p.
699 475 741 538 37
762 497 824 558 sq„
846 476 931 539 Max.
945 474 1081 541 Planud.

63 561 106 645 V,
128 563 339 646 481,10.-
359 561 484 627 Eadem
507 563 614 645 magis
635 563 733 627 etiam
756 564 893 648 integra,
916 564 972 629 sed
990 565 1082 648 paul-

64 653 135 716 lum
154 652 337 716 immutatis
352 652 462 715 verbis
482 652 612 716 exhibet
630 650 742 718 Ioann.
762 651 822 718 sie.
837 651 884 717 VI
899 676 928 736 p.
940 655 1006 718 210
1017 653 1082 719 W.:

65 743 195 818 λέγεται
218 740 280 820 γὰρ
302 743 361 820 τὴν
380 741 472 818 Λητὼ
496 745 634 805 κυοῦςαν
658 742 693 806 ἐκ
712 743 794 806 Διὸς
812 743 999 807 έλαύνεςθαι
1017 743 1083 807 ὑπὸ

64 835 122 910 τῆς
149 830 251 908 Ἥρας
280 829 361 894 κατὰ
389 833 493 893 πᾶςαν
524 835 585 909 γῆν
614 850 649 894 τε
679 831 730 894 καὶ
760 830 920 895 θάλαςςαν
950 836 1082 910 Ζηλοτυ-

65 919 200 999 πούςης·
236 920 297 998 ἤδη
331 920 366 982 δὲ
399 919 499 998 αὐτὴν
529 920 547 997 ἡ
579 918 656 982 ὠδὶς
692 923 915 1000 καταλαβοῡςα
948 921 992 985 είς
1024 924 1083 1000 τὴν

52 1008 226 1088 Ιἡμετέραν
259 1008 369 1086 χώραν
406 1011 496 1071 λῦςαι
532 1010 590 1086 τὴν
628 1007 749 1086 Ζώνην·
786 1007 860 1074 ἀνθ>
894 1007 940 1072 ὧν
972 1014 1031 1074 νῦν
1064 1009 1084 1073 δ

65 1097 200 1175 Ζωςτὴρ
223 1096 288 1160 ἀπὸ
317 1101 412 1161 τοῦδε
440 1099 596 1161 καλεῖται·
630 1096 740 1161 ἔπειτα
769 1097 814 1161 εἰς
837 1099 951 1177 Δῆλον
975 1102 1082 1178 διαβᾶ-
1161 1141 1167 1153 ·

65 1207 125 1250 ςαν
156 1186 307 1264 διδύμους
341 1190 460 1264 τεκεῖν,
497 1185 645 1264 Ἄρτεμίν
675 1207 710 1249 τε
740 1188 793 1250 καὶ
822 1184 971 1250 Ἀπόλλω
1008 1190 1084 1252 τοὺς

65 1275 173 1340 θεούς,
197 1311 235 1320 -
266 1273 357 1338 Adde
381 1272 518 1339 Aristid.
544 1276 561 1339 1
585 1297 614 1358 p.
637 1274 699 1338 157
723 1273 798 1338 Do:
831 1276 920 1353 Λητώ
949 1297 984 1340 τε
1012 1277 1083 1355 γὰρ,

65 1365 227 1442 λυςαμένη
258 1365 316 1442 τὴν
346 1363 453 1441 Ζώνην
483 1365 519 1427 ἐν
542 1364 686 1442 Ζιυςτῆρι
714 1368 771 1442 τῆς
794 1361 934 1442 Ἀττικῆς
962 1366 1014 1429 καὶ
1038 1370 1083 1429 λι-

64 1457 171 1517 ποῦςα
194 1455 252 1532 τὴν
280 1452 464 1530 ἐπωνυμίαν
491 1457 537 1535 τῳ
564 1453 668 1536 τόπῳ,
703 1453 872 1530 βαδίζουςα
900 1452 949 1517 ἀεὶ
977 1453 1021 1518 είς
1044 1445 1108 1517 κδ’

64 1542 149 1619 πρὸς
175 1541 231 1620 ἕω,
260 1546 317 1620 τῆς
339 1541 503 1619 Προνοίας
526 1539 659 1619 Ἀθηνᾶς
682 1541 873 1621 ἡγουμένης,
903 1540 963 1606 ἀπ’
985 1541 1084 1620 ἄκρας

64 1635 124 1709 τῆς
146 1628 287 1708 Ἀττικῆς
317 1630 450 1710 ἐπιβᾶςα
481 1633 547 1693 τῶν
577 1633 682 1709 νήςων
716 1630 760 1694 είς
791 1632 905 1710 Δῆλον
942 1630 1084 1709 καταίρει

63 1720 118 1783 καὶ
141 1718 237 1782 τίκτει
261 1721 299 1798 δὴ
324 1721 400 1783 τοὺς
423 1719 531 1797 θεούς,
554 1721 613 1798 τήν
636 1740 671 1783 τε
695 1717 843 1797 Ἄρτεμιν
866 1721 918 1783 καὶ
940 1722 999 1784 τὸν
1021 1741 1083 1783 πα-

65 1813 175 1890 τρῷον
198 1805 347 1872 Ἀπόλλω
370 1814 408 1897 τῇ
433 1807 535 1886 πόλει,
560 1816 593 1871 et
617 1807 714 1871 schol.
736 1809 776 1871 ad
800 1808 830 1872 h.
854 1809 887 1872 l.:
912 1809 1084 1873 τοῦτοκαὶ

63 1896 143 1961 Ὑπ.
168 1897 273 1980 ἐντῷ
297 1898 463 1980 Δηλιακῳ,
496 1895 690 1975 βουλόμενος
721 1901 821 1962 δεῖξαι
852 1897 901 1961 ὅτι
931 1898 964 1961 αἱ
993 1902 1084 1976 νῆςοι

63 1987 163 2062 έγγιίς
187 1985 243 2049 είςι
266 1990 322 2064 τῆς
345 1983 499 2064 Ἀττικῆς,
528 1984 635 2064 εἶπεν,
659 1984 708 2048 ὅτι
732 1984 791 2048 ἀπ’
815 1985 913 2065 ἄκρας
936 1993 991 2066 τῆς
1015 1985 1083 2051 Ἀτ-

64 2079 156 2153 τικῆς
187 2075 207 2152 ἡ
240 2074 332 2152 Λητὼ
370 2074 468 2153 ἐπέβη
506 2079 563 2153 τῆς
599 2077 705 2153 νήςου.
752 2074 852 2139 Porro
882 2075 988 2139 Sohol.
1008 2074 1084 2138 Vah.

62 2163 164 2228 Laur.
182 2161 335 2227 Aeschin.
354 2163 388 2245 3,
413 2162 491 2226 108:
522 2165 560 2226 τὸ
589 2165 630 2226 δὲ
648 2165 811 2241 Προνοίας
836 2165 922 2245 (soil.
948 2163 1084 2241 Ἀθηνᾶς

63 2251 171 2333 ἱερὸν)
198 2251 391 2331 Ὑπερείδης
418 2254 455 2315 έν
483 2253 636 2337 Δηλιακῳ
666 2258 789 2335 ςυνιςτᾷ
817 2252 866 2316 ὅτι
895 2255 931 2316 έν
954 2259 991 2336 τῇ
1016 2250 1083 2315 Ἀτ-

64 2347 137 2425 τικῇ
169 2340 260 2404 ἐςτιν.
308 2338 393 2404 Suid.
419 2346 452 2403 et
479 2340 623 2424 Etymol.
642 2339 699 2405 M:
731 2340 877 2419 Πρόνοια
900 2339 1017 2419 Ἀθηνᾶ
1043 2377 1081 2386 -

10 2412 20 2517 Ι
63 2429 117 2494 ὅτι
140 2428 341 2508 προύνόηςεν
365 2429 455 2493 ὅπως
478 2431 552 2513 τέκῃ
580 2431 600 2508 ἡ
626 2429 732 2508 Λητώ,
763 2433 795 2492 εί
820 2429 926 2494 Schol.
950 2429 1084 2492 Aristid.

62 2592 161 2655 γῆςαι,
188 2588 240 2640 τοῦ
264 2588 353 2652 μύθου
382 2588 525 2654 ἀπὴρξατο
548 2591 599 2640 του
623 2589 685 2654 περὶ
710 2589 763 2653 τὴν
789 2588 871 2652 Λητὼ
896 2588 1083 2653 γεγενημένου

68 2659 100 2712 ἐν
114 2663 151 2727 τῇ
166 2658 262 2727 Δήλῳ,
281 2660 326 2711 καί
341 2659 509 2724 βουλόμενος
527 2659 612 2711 δεῖξαι
627 2658 657 2710 ἐκ
674 2660 793 2711 παλαιοῦ
812 2661 865 2724 τὴν
883 2659 962 2711 πόλιν
982 2657 1085 2710 οἰκείαν

64 2731 140 2784 εἶναι
159 2729 345 2796 Ἀπόλλωνος,
365 2759 399 2769 —-
418 2759 453 2769 -
472 2730 500 2782 ἐξ
524 2729 757 2794 ὁμολογουμένων
779 2731 952 2796 πραγμάτων
970 2732 1084 2795 ἤρΞατο,

64 2801 286 2864 ἀναλογούντων
312 2806 354 2870 τῷ
377 2801 464 2867 γένει,
490 2800 580 2863 λέγων
604 2800 667 2852 θεὸς
691 2801 740 2865 μέν
762 2802 797 2866 ἦν
822 2802 864 2853 ἀεὶ
887 2803 932 2853 καὶ
955 2802 990 2853 τὰ
1014 2803 1084 2866 ἑξῆς.

65 2870 123 2925 Sed
142 2869 214 2923 haec
231 2871 375 2940 postrema
394 2888 429 2925 ex
443 2869 578 2939 Gregorio
593 2869 771 2924 Nazianzeno
786 2870 878 2939 pet'ta
892 2887 953 2924 esso
972 2872 1084 2924 demon-

65 2939 170 2997 ntiavih
193 2939 221 2995 (λ.
242 2941 317 2995 Fuhr
335 2943 406 2996 Mus,
421 2941 473 2996 Rh.
489 2948 536 3010 41,
552 2948 612 2997 307.
637 2973 671 2980 -
697 2943 756 3009 Syr.
776 2943 847 2994 Max.
866 2941 959 2995 Plan:
989 2943 1084 3008 βουλό-

64 3030 150 3081 μενος
167 3013 222 3079 γὰρ
241 3013 344 3067 ἐκεῖνος
363 3015 448 3067 δεῖξαι
465 3019 524 3066 τοῖς
543 3012 699 3078 Ἀθηναίοις
716 3015 751 3066 τὰ
770 3014 800 3065 ἐν
815 3015 901 3082 Δήλῳ
921 3015 949 3068 ἐξ
968 3013 1084 3081 ἀρχαίου

10 3104 40 3167 ι
62 3085 128 3152 ἱερὰ
150 3085 339 3151 προεήκοντα,
361 3088 456 3154 πολλῷ
480 3085 610 3151 κέχρηται
633 3091 674 3153 τῷ
694 3085 786 3153 μύθῳ,
809 3085 899 3148 λέγων
919 3087 1010 3151 οὕτως
1028 3086 1083 3137 κτὲ.

68 3184 101 3199 -
125 3157 197 3208 κατὰ
219 3159 274 3222 γῆν
297 3158 343 3208 καί
366 3157 436 3210 κατὰ
460 3157 595 3210 θάλαςςαν
618 3155 692 3208 Max.
717 3185 749 3193 -
778 3154 816 3208 είς
838 3158 892 3222 τήν
914 3161 968 3222 γῆν
994 3157 1084 3209 ἐλθεῖν

76 3226 141 3281 λοι.
160 3256 196 3265 -
219 3227 352 3280 Ioannem
376 3243 433 3280 non
456 3226 519 3294 ipsa
541 3226 628 3280 verbo
651 3225 803 3294 Hyperidis
827 3227 926 3279 afferre
950 3228 981 3279 B.
1001 3229 1030 3279 οδ
1056 3224 1084 3278 S.

80 3299 280 3366 ιθτπροκοτυιιί.
313 3300 408 3365 χώραν
428 3297 583 3366 (ἐλθουςαν)
601 3296 739 3351 Meineke.
756 3328 788 3337 —
809 3297 875 3351 ἀνθ’
891 3298 943 3367 ὧν]
963 3298 1030 3350 ἔνθα
1049 3294 1083 3349 oi.

72 3366 133 3439 Ι10.
151 3398 185 3409 -
204 3374 257 3422 νῦν
280 3385 335 3425 οπι.
353 3367 428 3423 Mon.
450 3399 481 3407 -
502 3370 557 3421 ἀπὸ
575 3371 659 3422 τοῦδε
679 3372 800 3422 καλεῖται
820 3368 939 3435 Ριυλιιιίκ,
959 3369 1083 3421 ἀπὸτοῦ

76 3444 213 3511 mutuo
242 3438 339 3495 codex.
358 3470 392 3480 -
416 3439 469 3508 Ap.
490 3439 584 3494 Schol.
604 3439 706 3494 Aesoh.
726 3441 755 3492 ἐν
775 3441 846 3506 Δηλ.
866 3438 979 3492 Schulz:
1007 3439 1037 3490 ἐν
1065 3441 1083 3504 ἢ

84 3526 158 3582 παπ,
172 3526 226 3565 οιιι.
234 3510 298 3566 δίου.
311 3540 344 3551 -
355 3513 478 3566 τυνιετὰς
489 3510 580 3579 baur„
595 3510 719 3565 ευνίςτας
728 3509 802 3576 Vah,
817 3516 965 3576 ςυνιςτορέι
976 3507 1084 3561 Sohulz.
