<?xml version="1.0" encoding="UTF-8"?>
<!DOCTYPE html PUBLIC "-//W3C//DTD XHTML 1.0 Transitional//EN"
    "http://www.w3.org/TR/xhtml1/DTD/xhtml1-transitional.dtd">
<html xmlns="http://www.w3.org/1999/xhtml" xml:lang="en" lang="en">
 <head>
  <title>
</title>
<meta http-equiv="Content-Type" content="text/html;charset=utf-8" />
  <meta name='ocr-system' content='tesseract 3.04.00' />
  <meta name='ocr-capabilities' content='ocr_page ocr_carea ocr_par ocr_line ocrx_word'/>
</head>
<body>
  <div class='ocr_page' id='page_1' title='image "./orationessexcum01hypegoog_0039.png"; bbox 0 0 2392 3960; ppageno 0'>
   <div class='ocr_carea' id='block_1_1' title="bbox 123 189 731 246">
    <p class='ocr_par' dir='ltr' id='par_1_1' title="bbox 123 189 731 246">
     <span class='ocr_line' id='line_1_1' title="bbox 123 189 731 246; baseline 0 -1"><span class='ocrx_word' id='word_1_1' title='bbox 123 189 227 246; x_wconf 86' lang='lat' dir='ltr'>XXXII</span> <span class='ocrx_word' id='word_1_2' title='bbox 524 189 731 245; x_wconf 81' lang='lat' dir='ltr'><strong>PRAEFATIO</strong></span> 
     </span>
    </p>
   </div>
   <div class='ocr_carea' id='block_1_2' title="bbox 42 341 1147 3625">
    <p class='ocr_par' dir='ltr' id='par_1_2' title="bbox 42 341 1147 3625">
     <span class='ocr_line' id='line_1_2' title="bbox 123 341 1141 419; baseline 0.003 -17"><span class='ocrx_word' id='word_1_3' title='bbox 123 344 234 418; x_wconf 85' lang='lat' dir='ltr'>exstat,</span> <span class='ocrx_word' id='word_1_4' title='bbox 266 360 358 401; x_wconf 90' lang='lat' dir='ltr'>unam</span> <span class='ocrx_word' id='word_1_5' title='bbox 380 341 515 400; x_wconf 91' lang='lat' dir='ltr'>litteram</span> <span class='ocrx_word' id='word_1_6' title='bbox 543 341 612 417; x_wconf 90' lang='lat' dir='ltr'>plus</span> <span class='ocrx_word' id='word_1_7' title='bbox 640 343 776 401; x_wconf 84' lang='lat' dir='ltr'>minusve</span> <span class='ocrx_word' id='word_1_8' title='bbox 800 360 890 417; x_wconf 90' lang='lat' dir='ltr'>quam</span> <span class='ocrx_word' id='word_1_9' title='bbox 918 342 950 400; x_wconf 91' lang='lat' dir='ltr'>in</span> <span class='ocrx_word' id='word_1_10' title='bbox 974 343 1141 419; x_wconf 88' lang='lat' dir='ltr'>superioris</span> 
     </span>
     <span class='ocr_line' id='line_1_3' title="bbox 124 430 1142 509; baseline 0.001 -17"><span class='ocrx_word' id='word_1_11' title='bbox 124 432 228 492; x_wconf 92' lang='lat' dir='ltr'>eodem</span> <span class='ocrx_word' id='word_1_12' title='bbox 251 431 349 508; x_wconf 88' lang='lat' dir='ltr'>spatio</span> <span class='ocrx_word' id='word_1_13' title='bbox 372 430 461 489; x_wconf 86' lang='lat' dir='ltr'>facile</span> <span class='ocrx_word' id='word_1_14' title='bbox 485 430 646 509; x_wconf 89' lang='lat' dir='ltr'>condones;</span> <span class='ocrx_word' id='word_1_15' title='bbox 671 437 702 490; x_wconf 87' lang='lat' dir='ltr'>at</span> <span class='ocrx_word' id='word_1_16' title='bbox 724 449 799 507; x_wconf 91' lang='lat' dir='ltr'>non,</span> <span class='ocrx_word' id='word_1_17' title='bbox 824 431 850 489; x_wconf 89' lang='lat' dir='ltr'>si</span> <span class='ocrx_word' id='word_1_18' title='bbox 872 430 904 490; x_wconf 93' lang='lat' dir='ltr'>in</span> <span class='ocrx_word' id='word_1_19' title='bbox 926 431 983 491; x_wconf 92' lang='lat' dir='ltr'>hoc</span> <span class='ocrx_word' id='word_1_20' title='bbox 1006 433 1142 509; x_wconf 88' lang='lat' dir='ltr'>quinque</span> 
     </span>
     <span class='ocr_line' id='line_1_4' title="bbox 124 519 1141 597; baseline 0.001 -17"><span class='ocrx_word' id='word_1_21' title='bbox 124 521 254 597; x_wconf 86' lang='lat' dir='ltr'>exstant,</span> <span class='ocrx_word' id='word_1_22' title='bbox 276 521 307 579; x_wconf 88' lang='lat' dir='ltr'>in</span> <span class='ocrx_word' id='word_1_23' title='bbox 330 521 470 578; x_wconf 89' lang='lat' dir='ltr'>lacunam</span> <span class='ocrx_word' id='word_1_24' title='bbox 493 521 559 579; x_wconf 88' lang='lat' dir='ltr'>ceto</span> <span class='ocrx_word' id='word_1_25' title='bbox 583 520 658 579; x_wconf 87' lang='lat' dir='ltr'>satis</span> <span class='ocrx_word' id='word_1_26' title='bbox 677 522 764 579; x_wconf 88' lang='lat' dir='ltr'>caute</span> <span class='ocrx_word' id='word_1_27' title='bbox 781 519 1024 582; x_wconf 87' lang='lat' dir='ltr'>inculcabuntur.</span> <span class='ocrx_word' id='word_1_28' title='bbox 1072 522 1141 581; x_wconf 91' lang='lat' dir='ltr'>Ali·</span> 
     </span>
     <span class='ocr_line' id='line_1_5' title="bbox 124 607 1142 687; baseline 0.002 -18"><span class='ocrx_word' id='word_1_29' title='bbox 124 607 237 686; x_wconf 86' lang='lat' dir='ltr'>quanto</span> <span class='ocrx_word' id='word_1_30' title='bbox 260 609 329 685; x_wconf 92' lang='lat' dir='ltr'>plus</span> <span class='ocrx_word' id='word_1_31' title='bbox 352 608 501 667; x_wconf 73' lang='lat' dir='ltr'>libertatis</span> <span class='ocrx_word' id='word_1_32' title='bbox 530 608 563 667; x_wconf 92' lang='lat' dir='ltr'>in</span> <span class='ocrx_word' id='word_1_33' title='bbox 592 609 635 668; x_wconf 90' lang='lat' dir='ltr'>eis</span> <span class='ocrx_word' id='word_1_34' title='bbox 665 608 780 668; x_wconf 83' lang='lat' dir='ltr'><strong>lacunis</strong></span> <span class='ocrx_word' id='word_1_35' title='bbox 811 609 995 685; x_wconf 79' lang='lat' dir='ltr'>conceditur,</span> <span class='ocrx_word' id='word_1_36' title='bbox 1027 611 1142 687; x_wconf 89' lang='lat' dir='ltr'>quibus</span> 
     </span>
     <span class='ocr_line' id='line_1_6' title="bbox 124 697 1142 773; baseline 0.001 -15"><span class='ocrx_word' id='word_1_37' title='bbox 124 699 246 758; x_wconf 90' lang='lat' dir='ltr'>initium</span> <span class='ocrx_word' id='word_1_38' title='bbox 275 715 380 757; x_wconf 88' lang='lat' dir='ltr'>versus</span> <span class='ocrx_word' id='word_1_39' title='bbox 413 698 608 773; x_wconf 89' lang='lat' dir='ltr'>absumptum</span> <span class='ocrx_word' id='word_1_40' title='bbox 640 700 698 773; x_wconf 89' lang='lat' dir='ltr'>eet,</span> <span class='ocrx_word' id='word_1_41' title='bbox 730 697 955 773; x_wconf 88' lang='lat' dir='ltr'>plurimumque</span> <span class='ocrx_word' id='word_1_42' title='bbox 984 699 1039 758; x_wconf 90' lang='lat' dir='ltr'>ubi</span> <span class='ocrx_word' id='word_1_43' title='bbox 1070 699 1142 759; x_wconf 89' lang='lat' dir='ltr'>finis</span> 
     </span>
     <span class='ocr_line' id='line_1_7' title="bbox 124 786 1142 866; baseline 0.003 -20"><span class='ocrx_word' id='word_1_44' title='bbox 124 788 322 863; x_wconf 89' lang='lat' dir='ltr'>interceptus,</span> <span class='ocrx_word' id='word_1_45' title='bbox 356 806 424 845; x_wconf 90' lang='lat' dir='ltr'>cum</span> <span class='ocrx_word' id='word_1_46' title='bbox 455 787 573 846; x_wconf 89' lang='lat' dir='ltr'>librarii</span> <span class='ocrx_word' id='word_1_47' title='bbox 596 789 627 846; x_wconf 90' lang='lat' dir='ltr'>et</span> <span class='ocrx_word' id='word_1_48' title='bbox 649 805 779 846; x_wconf 86' lang='lat' dir='ltr'>vacuum</span> <span class='ocrx_word' id='word_1_49' title='bbox 810 786 855 845; x_wconf 90' lang='lat' dir='ltr'>ibi</span> <span class='ocrx_word' id='word_1_50' title='bbox 887 787 1020 865; x_wconf 89' lang='lat' dir='ltr'>spatium</span> <span class='ocrx_word' id='word_1_51' title='bbox 1048 806 1142 866; x_wconf 88' lang='lat' dir='ltr'>saepe</span> 
     </span>
     <span class='ocr_line' id='line_1_8' title="bbox 126 874 1144 955; baseline 0.002 -19"><span class='ocrx_word' id='word_1_52' title='bbox 126 876 432 936; x_wconf 82' lang='lat' dir='ltr'>admittantnotisve</span> <span class='ocrx_word' id='word_1_53' title='bbox 462 876 583 935; x_wconf 86' lang='lat' dir='ltr'>tantum</span> <span class='ocrx_word' id='word_1_54' title='bbox 611 875 688 934; x_wconf 89' lang='lat' dir='ltr'><strong>nihil</strong></span> <span class='ocrx_word' id='word_1_55' title='bbox 718 874 958 953; x_wconf 83' lang='lat' dir='ltr'>significantibus</span> <span class='ocrx_word' id='word_1_56' title='bbox 989 877 1144 955; x_wconf 82' lang='lat' dir='ltr'>expleant,</span> 
     </span>
     <span class='ocr_line' id='line_1_9' title="bbox 126 955 1143 1041; baseline 0.002 -16"><span class='ocrx_word' id='word_1_57' title='bbox 126 969 157 1025; x_wconf 90' lang='lat' dir='ltr'>et</span> <span class='ocrx_word' id='word_1_58' title='bbox 186 955 354 1040; x_wconf 87' lang='lat' dir='ltr'>producant</span> <span class='ocrx_word' id='word_1_59' title='bbox 383 983 504 1025; x_wconf 88' lang='lat' dir='ltr'>versum</span> <span class='ocrx_word' id='word_1_60' title='bbox 532 967 618 1024; x_wconf 83' lang='lat' dir='ltr'>extra</span> <span class='ocrx_word' id='word_1_61' title='bbox 649 965 782 1041; x_wconf 86' lang='lat' dir='ltr'>spatium</span> <span class='ocrx_word' id='word_1_62' title='bbox 812 966 861 1024; x_wconf 89' lang='lat' dir='ltr'>val</span> <span class='ocrx_word' id='word_1_63' title='bbox 891 966 1011 1024; x_wconf 90' lang='lat' dir='ltr'>litteras</span> <span class='ocrx_word' id='word_1_64' title='bbox 1042 968 1143 1028; x_wconf 89' lang='lat' dir='ltr'>multo</span> 
     </span>
     <span class='ocr_line' id='line_1_10' title="bbox 92 1052 1144 1130; baseline 0.004 -18"><span class='ocrx_word' id='word_1_65' title='bbox 92 1071 95 1077; x_wconf 89' lang='lat'><em>·</em></span> <span class='ocrx_word' id='word_1_66' title='bbox 125 1053 255 1114; x_wconf 90' lang='lat' dir='ltr'>minores</span> <span class='ocrx_word' id='word_1_67' title='bbox 273 1052 394 1114; x_wconf 82' lang='lat' dir='ltr'>faciant.</span> <span class='ocrx_word' id='word_1_68' title='bbox 431 1053 474 1112; x_wconf 90' lang='lat' dir='ltr'>At</span> <span class='ocrx_word' id='word_1_69' title='bbox 492 1072 529 1112; x_wconf 90' lang='lat' dir='ltr'>ne</span> <span class='ocrx_word' id='word_1_70' title='bbox 547 1054 590 1112; x_wconf 90' lang='lat' dir='ltr'>ibi</span> <span class='ocrx_word' id='word_1_71' title='bbox 609 1053 729 1130; x_wconf 89' lang='lat' dir='ltr'>quidem</span> <span class='ocrx_word' id='word_1_72' title='bbox 748 1054 848 1113; x_wconf 88' lang='lat' dir='ltr'>omnia</span> <span class='ocrx_word' id='word_1_73' title='bbox 865 1054 997 1129; x_wconf 86' lang='lat' dir='ltr'>prudens</span> <span class='ocrx_word' id='word_1_74' title='bbox 1016 1056 1144 1116; x_wconf 87' lang='lat' dir='ltr'>criticus</span> 
     </span>
     <span class='ocr_line' id='line_1_11' title="bbox 126 1141 1140 1223; baseline 0.003 -21"><span class='ocrx_word' id='word_1_75' title='bbox 126 1141 184 1202; x_wconf 89' lang='lat' dir='ltr'>sibi</span> <span class='ocrx_word' id='word_1_76' title='bbox 201 1143 367 1223; x_wconf 84' lang='lat' dir='ltr'>permittet.</span> <span class='ocrx_word' id='word_1_77' title='bbox 399 1143 535 1218; x_wconf 90' lang='lat' dir='ltr'>Denique</span> <span class='ocrx_word' id='word_1_78' title='bbox 554 1143 647 1219; x_wconf 88' lang='lat' dir='ltr'>spatii</span> <span class='ocrx_word' id='word_1_79' title='bbox 662 1161 780 1221; x_wconf 91' lang='lat' dir='ltr'>quoque</span> <span class='ocrx_word' id='word_1_80' title='bbox 795 1143 884 1202; x_wconf 89' lang='lat' dir='ltr'>vacui</span> <span class='ocrx_word' id='word_1_81' title='bbox 897 1143 975 1203; x_wconf 87' lang='lat' dir='ltr'>ratio</span> <span class='ocrx_word' id='word_1_82' title='bbox 990 1145 1140 1220; x_wconf 90' lang='lat' dir='ltr'>habenda,</span> 
     </span>
     <span class='ocr_line' id='line_1_12' title="bbox 127 1231 1145 1310; baseline 0.003 -19"><span class='ocrx_word' id='word_1_83' title='bbox 127 1232 205 1308; x_wconf 91' lang='lat' dir='ltr'>quod</span> <span class='ocrx_word' id='word_1_84' title='bbox 229 1232 262 1290; x_wconf 92' lang='lat' dir='ltr'>in</span> <span class='ocrx_word' id='word_1_85' title='bbox 293 1250 389 1306; x_wconf 89' lang='lat' dir='ltr'>pausa</span> <span class='ocrx_word' id='word_1_86' title='bbox 420 1231 550 1308; x_wconf 87' lang='lat' dir='ltr'>relinqui</span> <span class='ocrx_word' id='word_1_87' title='bbox 580 1232 671 1310; x_wconf 90' lang='lat' dir='ltr'>solet,</span> <span class='ocrx_word' id='word_1_88' title='bbox 704 1231 923 1308; x_wconf 89' lang='lat' dir='ltr'>amplissimum</span> <span class='ocrx_word' id='word_1_89' title='bbox 954 1232 1078 1308; x_wconf 86' lang='lat' dir='ltr'>quidem</span> <span class='ocrx_word' id='word_1_90' title='bbox 1111 1235 1145 1294; x_wconf 91' lang='lat' dir='ltr'>in</span> 
     </span>
     <span class='ocr_line' id='line_1_13' title="bbox 126 1319 429 1381; baseline 0 -1"><span class='ocrx_word' id='word_1_91' title='bbox 126 1319 320 1381; x_wconf 88' lang='lat' dir='ltr'>Londiniensi</span> <span class='ocrx_word' id='word_1_92' title='bbox 342 1320 429 1380; x_wconf 88' lang='lat' dir='ltr'>libro.</span> 
     </span>
     <span class='ocr_line' id='line_1_14' title="bbox 49 1408 1146 1487; baseline 0.002 -18"><span class='ocrx_word' id='word_1_93' title='bbox 49 1421 157 1486; x_wconf 69' lang='lat' dir='ltr'>Subsidie</span> <span class='ocrx_word' id='word_1_94' title='bbox 269 1408 360 1486; x_wconf 62' lang='lat'>§23</span> <span class='ocrx_word' id='word_1_95' title='bbox 398 1410 559 1486; x_wconf 82' lang='lat' dir='ltr'>Reliquum</span> <span class='ocrx_word' id='word_1_96' title='bbox 597 1412 643 1468; x_wconf 88' lang='lat' dir='ltr'>est</span> <span class='ocrx_word' id='word_1_97' title='bbox 679 1412 714 1468; x_wconf 90' lang='lat' dir='ltr'>ut</span> <span class='ocrx_word' id='word_1_98' title='bbox 751 1409 787 1468; x_wconf 92' lang='lat' dir='ltr'>de</span> <span class='ocrx_word' id='word_1_99' title='bbox 822 1428 890 1469; x_wconf 88' lang='lat' dir='ltr'>mea</span> <span class='ocrx_word' id='word_1_100' title='bbox 922 1409 1017 1486; x_wconf 91' lang='lat' dir='ltr'>ipsius</span> <span class='ocrx_word' id='word_1_101' title='bbox 1050 1430 1146 1487; x_wconf 88' lang='lat' dir='ltr'>opera</span> 
     </span>
     <span class='ocr_line' id='line_1_15' title="bbox 42 1475 1145 1579; baseline 0 -20"><span class='ocrx_word' id='word_1_102' title='bbox 42 1475 158 1569; x_wconf 49' lang='lat' dir='ltr'>,diffisa</span> <span class='ocrx_word' id='word_1_103' title='bbox 180 1499 420 1575; x_wconf 89' lang='lat' dir='ltr'>adiumentisque</span> <span class='ocrx_word' id='word_1_104' title='bbox 449 1500 523 1558; x_wconf 89' lang='lat' dir='ltr'>meis</span> <span class='ocrx_word' id='word_1_105' title='bbox 552 1498 686 1558; x_wconf 85' lang='lat' dir='ltr'>breviter</span> <span class='ocrx_word' id='word_1_106' title='bbox 716 1517 869 1575; x_wconf 84' lang='lat' dir='ltr'>exponam.</span> <span class='ocrx_word' id='word_1_107' title='bbox 920 1499 1084 1559; x_wconf 88' lang='lat' dir='ltr'>Librorum</span> <span class='ocrx_word' id='word_1_108' title='bbox 1107 1501 1145 1579; x_wconf 85' lang='lat' dir='ltr'>A,</span> 
     </span>
     <span class='ocr_line' id='line_1_16' title="bbox 127 1581 1144 1672; baseline 0.002 -25"><span class='ocrx_word' id='word_1_109' title='bbox 127 1581 237 1664; x_wconf 68' lang='lat' dir='ltr'>A1,A⁸</span> <span class='ocrx_word' id='word_1_110' title='bbox 260 1607 363 1648; x_wconf 90' lang='lat' dir='ltr'>omnes</span> <span class='ocrx_word' id='word_1_111' title='bbox 386 1590 488 1664; x_wconf 86' lang='lat' dir='ltr'>partes</span> <span class='ocrx_word' id='word_1_112' title='bbox 516 1591 637 1663; x_wconf 89' lang='lat' dir='ltr'>praeter</span> <span class='ocrx_word' id='word_1_113' title='bbox 663 1588 868 1647; x_wconf 82' lang='lat' dir='ltr'>recentissime</span> <span class='ocrx_word' id='word_1_114' title='bbox 895 1587 1034 1648; x_wconf 84' lang='lat' dir='ltr'>inventas</span> <span class='ocrx_word' id='word_1_115' title='bbox 1058 1581 1144 1672; x_wconf 83' lang='lat' dir='ltr'>(ie.</span> 
     </span>
     <span class='ocr_line' id='line_1_17' title="bbox 127 1671 1146 1758; baseline 0.001 -21"><span class='ocrx_word' id='word_1_116' title='bbox 127 1677 288 1737; x_wconf 90' lang='lat' dir='ltr'>voluminis</span> <span class='ocrx_word' id='word_1_117' title='bbox 303 1677 332 1735; x_wconf 88' lang='lat' dir='ltr'>A</span> <span class='ocrx_word' id='word_1_118' title='bbox 346 1678 517 1756; x_wconf 79' lang='lat' dir='ltr'>fragmenta</span> <span class='ocrx_word' id='word_1_119' title='bbox 531 1677 740 1736; x_wconf 82' lang='lat' dir='ltr'>Tancockiana</span> <span class='ocrx_word' id='word_1_120' title='bbox 752 1671 1033 1758; x_wconf 78' lang='lat' dir='ltr'>Raphaelianaqde)</span> <span class='ocrx_word' id='word_1_121' title='bbox 1047 1679 1099 1738; x_wconf 85' lang='lat' dir='ltr'>vel</span> <span class='ocrx_word' id='word_1_122' title='bbox 1113 1680 1146 1738; x_wconf 91' lang='lat' dir='ltr'>in</span> 
     </span>
     <span class='ocr_line' id='line_1_18' title="bbox 127 1765 1146 1844; baseline 0.005 -20"><span class='ocrx_word' id='word_1_123' title='bbox 127 1766 287 1825; x_wconf 88' lang='lat' dir='ltr'>Britannia</span> <span class='ocrx_word' id='word_1_124' title='bbox 301 1767 349 1826; x_wconf 84' lang='lat' dir='ltr'>vel</span> <span class='ocrx_word' id='word_1_125' title='bbox 363 1766 487 1825; x_wconf 87' lang='lat' dir='ltr'>Parisiis</span> <span class='ocrx_word' id='word_1_126' title='bbox 505 1765 569 1842; x_wconf 90' lang='lat' dir='ltr'>ipse</span> <span class='ocrx_word' id='word_1_127' title='bbox 589 1765 712 1843; x_wconf 90' lang='lat' dir='ltr'>contuli,</span> <span class='ocrx_word' id='word_1_128' title='bbox 731 1785 791 1841; x_wconf 91' lang='lat' dir='ltr'>qua</span> <span class='ocrx_word' id='word_1_129' title='bbox 809 1767 841 1824; x_wconf 91' lang='lat' dir='ltr'>in</span> <span class='ocrx_word' id='word_1_130' title='bbox 859 1785 891 1824; x_wconf 93' lang='lat' dir='ltr'>re</span> <span class='ocrx_word' id='word_1_131' title='bbox 905 1766 1018 1844; x_wconf 81' lang='lat' dir='ltr'>insigni</span> <span class='ocrx_word' id='word_1_132' title='bbox 1031 1766 1146 1828; x_wconf 85' lang='lat' dir='ltr'>libere·</span> 
     </span>
     <span class='ocr_line' id='line_1_19' title="bbox 127 1855 1145 1931; baseline 0.003 -17"><span class='ocrx_word' id='word_1_133' title='bbox 127 1856 215 1914; x_wconf 87' lang='lat' dir='ltr'>litate</span> <span class='ocrx_word' id='word_1_134' title='bbox 240 1859 270 1914; x_wconf 91' lang='lat' dir='ltr'>et</span> <span class='ocrx_word' id='word_1_135' title='bbox 294 1857 435 1915; x_wconf 88' lang='lat' dir='ltr'>comitate</span> <span class='ocrx_word' id='word_1_136' title='bbox 455 1874 559 1914; x_wconf 91' lang='lat' dir='ltr'>eorum</span> <span class='ocrx_word' id='word_1_137' title='bbox 577 1874 667 1930; x_wconf 89' lang='lat' dir='ltr'>penes</span> <span class='ocrx_word' id='word_1_138' title='bbox 687 1874 762 1931; x_wconf 91' lang='lat' dir='ltr'>quos</span> <span class='ocrx_word' id='word_1_139' title='bbox 777 1857 863 1913; x_wconf 87' lang='lat' dir='ltr'>erant</span> <span class='ocrx_word' id='word_1_140' title='bbox 882 1873 999 1931; x_wconf 89' lang='lat' dir='ltr'>semper</span> <span class='ocrx_word' id='word_1_141' title='bbox 1018 1855 1145 1917; x_wconf 83' lang='lat' dir='ltr'>adiutus</span> 
     </span>
     <span class='ocr_line' id='line_1_20' title="bbox 128 1939 1145 2022; baseline 0.001 -18"><span class='ocrx_word' id='word_1_142' title='bbox 128 1964 204 2004; x_wconf 88' lang='lat' dir='ltr'>sum.</span> <span class='ocrx_word' id='word_1_143' title='bbox 248 1944 399 2022; x_wconf 87' lang='lat' dir='ltr'>Babingto</span> <span class='ocrx_word' id='word_1_144' title='bbox 437 1944 558 2020; x_wconf 89' lang='lat' dir='ltr'>quidem</span> <span class='ocrx_word' id='word_1_145' title='bbox 593 1944 702 2020; x_wconf 87' lang='lat' dir='ltr'>hospes</span> <span class='ocrx_word' id='word_1_146' title='bbox 739 1939 1016 2021; x_wconf 86' lang='lat' dir='ltr'>coniunctissimus,</span> <span class='ocrx_word' id='word_1_147' title='bbox 1053 1965 1145 2022; x_wconf 88' lang='lat' dir='ltr'>quem</span> 
     </span>
     <span class='ocr_line' id='line_1_21' title="bbox 127 2032 1145 2111; baseline 0.005 -20"><span class='ocrx_word' id='word_1_148' title='bbox 127 2033 216 2091; x_wconf 94' lang='lat' dir='ltr'>multi</span> <span class='ocrx_word' id='word_1_149' title='bbox 238 2033 376 2111; x_wconf 82' lang='lat' dir='ltr'>lugemus</span> <span class='ocrx_word' id='word_1_150' title='bbox 399 2032 641 2111; x_wconf 85' lang='lat' dir='ltr'>lugebimusque,</span> <span class='ocrx_word' id='word_1_151' title='bbox 672 2034 734 2092; x_wconf 85' lang='lat' dir='ltr'>iarn</span> <span class='ocrx_word' id='word_1_152' title='bbox 757 2052 781 2092; x_wconf 84' lang='lat' dir='ltr'>a.</span> <span class='ocrx_word' id='word_1_153' title='bbox 809 2035 913 2109; x_wconf 83' lang='lat'>1869,</span> <span class='ocrx_word' id='word_1_154' title='bbox 944 2052 1012 2092; x_wconf 91' lang='lat' dir='ltr'>cum</span> <span class='ocrx_word' id='word_1_155' title='bbox 1043 2033 1078 2093; x_wconf 89' lang='lat' dir='ltr'>in</span> <span class='ocrx_word' id='word_1_156' title='bbox 1111 2055 1145 2096; x_wconf 90' lang='lat' dir='ltr'>eo</span> 
     </span>
     <span class='ocr_line' id='line_1_22' title="bbox 128 2122 1145 2200; baseline 0.003 -19"><span class='ocrx_word' id='word_1_157' title='bbox 128 2140 225 2182; x_wconf 90' lang='lat' dir='ltr'>essem</span> <span class='ocrx_word' id='word_1_158' title='bbox 246 2125 283 2181; x_wconf 89' lang='lat' dir='ltr'>ut</span> <span class='ocrx_word' id='word_1_159' title='bbox 304 2122 434 2198; x_wconf 79' lang='lat' dir='ltr'>primam</span> <span class='ocrx_word' id='word_1_160' title='bbox 457 2122 619 2181; x_wconf 86' lang='lat' dir='ltr'>editionem</span> <span class='ocrx_word' id='word_1_161' title='bbox 642 2141 739 2182; x_wconf 86' lang='lat' dir='ltr'>meam</span> <span class='ocrx_word' id='word_1_162' title='bbox 762 2122 877 2197; x_wconf 87' lang='lat' dir='ltr'>publici</span> <span class='ocrx_word' id='word_1_163' title='bbox 906 2122 982 2182; x_wconf 90' lang='lat' dir='ltr'>iuris</span> <span class='ocrx_word' id='word_1_164' title='bbox 1005 2123 1145 2200; x_wconf 86' lang='lat' dir='ltr'>facerem,</span> 
     </span>
     <span class='ocr_line' id='line_1_23' title="bbox 128 2211 1146 2289; baseline 0.001 -18"><span class='ocrx_word' id='word_1_165' title='bbox 128 2230 200 2271; x_wconf 88' lang='lat' dir='ltr'>suae</span> <span class='ocrx_word' id='word_1_166' title='bbox 215 2211 354 2271; x_wconf 89' lang='lat' dir='ltr'>editionis</span> <span class='ocrx_word' id='word_1_167' title='bbox 368 2211 612 2270; x_wconf 86' lang='lat' dir='ltr'>Harrisiauorum</span> <span class='ocrx_word' id='word_1_168' title='bbox 631 2212 868 2289; x_wconf 79' lang='lat' dir='ltr'>fragmentorum</span> <span class='ocrx_word' id='word_1_169' title='bbox 883 2211 1053 2288; x_wconf 90' lang='lat' dir='ltr'>exemplum</span> <span class='ocrx_word' id='word_1_170' title='bbox 1069 2213 1146 2272; x_wconf 91' lang='lat' dir='ltr'>mihi</span> 
     </span>
     <span class='ocr_line' id='line_1_24' title="bbox 127 2299 1145 2381; baseline 0 -21"><span class='ocrx_word' id='word_1_171' title='bbox 127 2301 209 2360; x_wconf 85' lang='lat' dir='ltr'>ultro</span> <span class='ocrx_word' id='word_1_172' title='bbox 229 2300 364 2359; x_wconf 91' lang='lat' dir='ltr'>oblatum</span> <span class='ocrx_word' id='word_1_173' title='bbox 382 2299 559 2377; x_wconf 82' lang='lat' dir='ltr'>transmisit,</span> <span class='ocrx_word' id='word_1_174' title='bbox 582 2300 614 2358; x_wconf 93' lang='lat' dir='ltr'>in</span> <span class='ocrx_word' id='word_1_175' title='bbox 632 2320 691 2376; x_wconf 92' lang='lat' dir='ltr'>quc</span> <span class='ocrx_word' id='word_1_176' title='bbox 711 2301 847 2377; x_wconf 80' lang='lat' dir='ltr'>exemplo</span> <span class='ocrx_word' id='word_1_177' title='bbox 865 2302 989 2377; x_wconf 85' lang='lat' dir='ltr'>quaein</span> <span class='ocrx_word' id='word_1_178' title='bbox 1004 2300 1046 2359; x_wconf 90' lang='lat' dir='ltr'>eis</span> <span class='ocrx_word' id='word_1_179' title='bbox 1061 2302 1145 2381; x_wconf 80' lang='lat' dir='ltr'>frag·</span> 
     </span>
     <span class='ocr_line' id='line_1_25' title="bbox 128 2388 1146 2465; baseline 0.003 -17"><span class='ocrx_word' id='word_1_180' title='bbox 128 2388 238 2449; x_wconf 89' lang='lat' dir='ltr'>mentis</span> <span class='ocrx_word' id='word_1_181' title='bbox 262 2408 379 2450; x_wconf 87' lang='lat' dir='ltr'>summa</span> <span class='ocrx_word' id='word_1_182' title='bbox 397 2389 547 2448; x_wconf 86' lang='lat' dir='ltr'>industria</span> <span class='ocrx_word' id='word_1_183' title='bbox 565 2392 597 2448; x_wconf 90' lang='lat' dir='ltr'>et</span> <span class='ocrx_word' id='word_1_184' title='bbox 614 2408 688 2449; x_wconf 89' lang='lat' dir='ltr'>cura</span> <span class='ocrx_word' id='word_1_185' title='bbox 701 2390 812 2449; x_wconf 89' lang='lat' dir='ltr'>iterum</span> <span class='ocrx_word' id='word_1_186' title='bbox 831 2393 921 2465; x_wconf 88' lang='lat' dir='ltr'>atque</span> <span class='ocrx_word' id='word_1_187' title='bbox 939 2389 1051 2448; x_wconf 88' lang='lat' dir='ltr'>iterum</span> <span class='ocrx_word' id='word_1_188' title='bbox 1071 2391 1146 2451; x_wconf 82' lang='lat' dir='ltr'>vitri</span> 
     </span>
     <span class='ocr_line' id='line_1_26' title="bbox 128 2478 1144 2556; baseline 0.002 -19"><span class='ocrx_word' id='word_1_189' title='bbox 128 2498 246 2554; x_wconf 92' lang='lat' dir='ltr'>quoque</span> <span class='ocrx_word' id='word_1_190' title='bbox 279 2498 333 2554; x_wconf 90' lang='lat' dir='ltr'>cpe</span> <span class='ocrx_word' id='word_1_191' title='bbox 365 2478 508 2553; x_wconf 88' lang='lat' dir='ltr'>inspectis</span> <span class='ocrx_word' id='word_1_192' title='bbox 537 2478 708 2556; x_wconf 77' lang='lat' dir='ltr'>invenerat,</span> <span class='ocrx_word' id='word_1_193' title='bbox 745 2479 783 2538; x_wconf 89' lang='lat' dir='ltr'>ad</span> <span class='ocrx_word' id='word_1_194' title='bbox 815 2479 982 2555; x_wconf 84' lang='lat' dir='ltr'>marginem</span> <span class='ocrx_word' id='word_1_195' title='bbox 1018 2483 1144 2539; x_wconf 86' lang='lat' dir='ltr'>enotata</span> 
     </span>
     <span class='ocr_line' id='line_1_27' title="bbox 129 2566 1147 2644; baseline 0.002 -18"><span class='ocrx_word' id='word_1_196' title='bbox 129 2570 224 2626; x_wconf 87' lang='lat' dir='ltr'>erant.</span> <span class='ocrx_word' id='word_1_197' title='bbox 269 2567 314 2627; x_wconf 83' lang='lat' dir='ltr'>Ea</span> <span class='ocrx_word' id='word_1_198' title='bbox 343 2568 375 2627; x_wconf 90' lang='lat' dir='ltr'>in</span> <span class='ocrx_word' id='word_1_199' title='bbox 402 2566 557 2626; x_wconf 85' lang='lat' dir='ltr'>Addendis</span> <span class='ocrx_word' id='word_1_200' title='bbox 586 2567 701 2644; x_wconf 90' lang='lat' dir='ltr'>primae</span> <span class='ocrx_word' id='word_1_201' title='bbox 729 2586 812 2627; x_wconf 89' lang='lat' dir='ltr'>meae</span> <span class='ocrx_word' id='word_1_202' title='bbox 841 2567 981 2627; x_wconf 78' lang='lat' dir='ltr'>editionis</span> <span class='ocrx_word' id='word_1_203' title='bbox 1010 2568 1147 2628; x_wconf 84' lang='lat' dir='ltr'>exhibita</span> 
     </span>
     <span class='ocr_line' id='line_1_28' title="bbox 131 2656 1145 2735; baseline 0.004 -21"><span class='ocrx_word' id='word_1_204' title='bbox 131 2660 210 2715; x_wconf 92' lang='lat' dir='ltr'>sunt.</span> <span class='ocrx_word' id='word_1_205' title='bbox 256 2656 367 2716; x_wconf 80' lang='lat' dir='ltr'>Postea</span> <span class='ocrx_word' id='word_1_206' title='bbox 390 2659 421 2715; x_wconf 94' lang='lat' dir='ltr'>et</span> <span class='ocrx_word' id='word_1_207' title='bbox 442 2656 516 2715; x_wconf 91' lang='lat' dir='ltr'>haec</span> <span class='ocrx_word' id='word_1_208' title='bbox 538 2657 710 2735; x_wconf 81' lang='lat' dir='ltr'>fragmenta</span> <span class='ocrx_word' id='word_1_209' title='bbox 728 2660 759 2716; x_wconf 93' lang='lat' dir='ltr'>et</span> <span class='ocrx_word' id='word_1_210' title='bbox 776 2656 983 2717; x_wconf 89' lang='lat' dir='ltr'>Ardenianum</span> <span class='ocrx_word' id='word_1_211' title='bbox 1001 2656 1145 2718; x_wconf 84' lang='lat' dir='ltr'>volumen</span> 
     </span>
     <span class='ocr_line' id='line_1_29' title="bbox 130 2744 1146 2824; baseline 0.003 -21"><span class='ocrx_word' id='word_1_212' title='bbox 130 2744 416 2823; x_wconf 83' lang='lat' dir='ltr'>Stcbartianumque</span> <span class='ocrx_word' id='word_1_213' title='bbox 453 2745 499 2805; x_wconf 89' lang='lat' dir='ltr'>bis</span> <span class='ocrx_word' id='word_1_214' title='bbox 538 2746 718 2820; x_wconf 81' lang='lat' dir='ltr'>examinavi,</span> <span class='ocrx_word' id='word_1_215' title='bbox 756 2765 823 2804; x_wconf 91' lang='lat' dir='ltr'>cum</span> <span class='ocrx_word' id='word_1_216' title='bbox 859 2746 952 2822; x_wconf 88' lang='lat' dir='ltr'>probe</span> <span class='ocrx_word' id='word_1_217' title='bbox 989 2747 1146 2824; x_wconf 84' lang='lat' dir='ltr'>cognitum</span> 
     </span>
     <span class='ocr_line' id='line_1_30' title="bbox 129 2834 1146 2912; baseline 0.002 -19"><span class='ocrx_word' id='word_1_218' title='bbox 129 2835 280 2908; x_wconf 89' lang='lat' dir='ltr'>haberem,</span> <span class='ocrx_word' id='word_1_219' title='bbox 299 2853 359 2894; x_wconf 91' lang='lat' dir='ltr'>non</span> <span class='ocrx_word' id='word_1_220' title='bbox 377 2835 475 2894; x_wconf 90' lang='lat' dir='ltr'>solum</span> <span class='ocrx_word' id='word_1_221' title='bbox 494 2834 569 2894; x_wconf 90' lang='lat' dir='ltr'>duos</span> <span class='ocrx_word' id='word_1_222' title='bbox 588 2835 722 2896; x_wconf 84' lang='lat' dir='ltr'>homines</span> <span class='ocrx_word' id='word_1_223' title='bbox 736 2835 805 2911; x_wconf 93' lang='lat' dir='ltr'>plus</span> <span class='ocrx_word' id='word_1_224' title='bbox 820 2854 910 2912; x_wconf 90' lang='lat' dir='ltr'>quam</span> <span class='ocrx_word' id='word_1_225' title='bbox 924 2853 1019 2893; x_wconf 89' lang='lat' dir='ltr'>unum</span> <span class='ocrx_word' id='word_1_226' title='bbox 1032 2835 1146 2912; x_wconf 87' lang='lat' dir='ltr'>videre,</span> 
     </span>
     <span class='ocr_line' id='line_1_31' title="bbox 131 2922 1145 3002; baseline 0.002 -20"><span class='ocrx_word' id='word_1_227' title='bbox 131 2922 183 2982; x_wconf 89' lang='lat' dir='ltr'>sad</span> <span class='ocrx_word' id='word_1_228' title='bbox 206 2922 298 2982; x_wconf 92' lang='lat' dir='ltr'>etiam</span> <span class='ocrx_word' id='word_1_229' title='bbox 321 2924 447 2982; x_wconf 89' lang='lat' dir='ltr'>eundem</span> <span class='ocrx_word' id='word_1_230' title='bbox 472 2941 506 2983; x_wconf 89' lang='lat' dir='ltr'>ec</span> <span class='ocrx_word' id='word_1_231' title='bbox 528 2923 618 3000; x_wconf 90' lang='lat' dir='ltr'>plura</span> <span class='ocrx_word' id='word_1_232' title='bbox 639 2923 773 2985; x_wconf 87' lang='lat' dir='ltr'>invenire</span> <span class='ocrx_word' id='word_1_233' title='bbox 796 2925 906 3000; x_wconf 89' lang='lat' dir='ltr'>solere,</span> <span class='ocrx_word' id='word_1_234' title='bbox 937 2942 996 3001; x_wconf 93' lang='lat' dir='ltr'>quc</span> <span class='ocrx_word' id='word_1_235' title='bbox 1025 2925 1145 3002; x_wconf 87' lang='lat' dir='ltr'>saepius</span> 
     </span>
     <span class='ocr_line' id='line_1_32' title="bbox 131 3012 1146 3089; baseline 0.003 -19"><span class='ocrx_word' id='word_1_236' title='bbox 131 3012 281 3071; x_wconf 89' lang='lat' dir='ltr'>distinctis</span> <span class='ocrx_word' id='word_1_237' title='bbox 312 3012 498 3087; x_wconf 85' lang='lat' dir='ltr'>temporibus</span> <span class='ocrx_word' id='word_1_238' title='bbox 536 3016 677 3074; x_wconf 91' lang='lat' dir='ltr'>conatum</span> <span class='ocrx_word' id='word_1_239' title='bbox 712 3013 877 3089; x_wconf 90' lang='lat' dir='ltr'>repetierit.</span> <span class='ocrx_word' id='word_1_240' title='bbox 934 3012 1011 3072; x_wconf 82' lang='lat' dir='ltr'>Sunt</span> <span class='ocrx_word' id='word_1_241' title='bbox 1043 3017 1146 3076; x_wconf 84' lang='lat' dir='ltr'>autem</span> 
     </span>
     <span class='ocr_line' id='line_1_33' title="bbox 130 3101 1145 3180; baseline 0.004 -21"><span class='ocrx_word' id='word_1_242' title='bbox 130 3102 228 3161; x_wconf 88' lang='lat' dir='ltr'>multa</span> <span class='ocrx_word' id='word_1_243' title='bbox 246 3101 278 3159; x_wconf 88' lang='lat' dir='ltr'>in</span> <span class='ocrx_word' id='word_1_244' title='bbox 297 3101 344 3160; x_wconf 90' lang='lat' dir='ltr'>his</span> <span class='ocrx_word' id='word_1_245' title='bbox 362 3101 498 3178; x_wconf 90' lang='lat' dir='ltr'>reliquiis</span> <span class='ocrx_word' id='word_1_246' title='bbox 516 3101 597 3161; x_wconf 89' lang='lat' dir='ltr'>lectu</span> <span class='ocrx_word' id='word_1_247' title='bbox 616 3121 761 3180; x_wconf 86' lang='lat' dir='ltr'>perquam</span> <span class='ocrx_word' id='word_1_248' title='bbox 780 3102 923 3179; x_wconf 86' lang='lat' dir='ltr'>difficilia,</span> <span class='ocrx_word' id='word_1_249' title='bbox 942 3120 1021 3179; x_wconf 86' lang='lat' dir='ltr'>quae</span> <span class='ocrx_word' id='word_1_250' title='bbox 1040 3122 1145 3178; x_wconf 87' lang='lat' dir='ltr'>quarn·</span> 
     </span>
     <span class='ocr_line' id='line_1_34' title="bbox 130 3190 1145 3267; baseline 0.004 -19"><span class='ocrx_word' id='word_1_251' title='bbox 130 3190 176 3248; x_wconf 84' lang='lat' dir='ltr'>vis</span> <span class='ocrx_word' id='word_1_252' title='bbox 200 3191 355 3266; x_wconf 84' lang='lat' dir='ltr'>adnitaris,</span> <span class='ocrx_word' id='word_1_253' title='bbox 379 3192 521 3250; x_wconf 89' lang='lat' dir='ltr'>conatum</span> <span class='ocrx_word' id='word_1_254' title='bbox 542 3191 685 3250; x_wconf 84' lang='lat' dir='ltr'>frustrari</span> <span class='ocrx_word' id='word_1_255' title='bbox 707 3191 832 3267; x_wconf 90' lang='lat' dir='ltr'>possint.</span> <span class='ocrx_word' id='word_1_256' title='bbox 877 3191 913 3250; x_wconf 95' lang='lat' dir='ltr'>In</span> <span class='ocrx_word' id='word_1_257' title='bbox 932 3190 1000 3250; x_wconf 90' lang='lat' dir='ltr'>aliis</span> <span class='ocrx_word' id='word_1_258' title='bbox 1020 3193 1070 3251; x_wconf 87' lang='lat' dir='ltr'>vel</span> <span class='ocrx_word' id='word_1_259' title='bbox 1088 3191 1145 3252; x_wconf 83' lang='lat' dir='ltr'>Ba·</span> 
     </span>
     <span class='ocr_line' id='line_1_35' title="bbox 130 3278 1145 3357; baseline 0.003 -21"><span class='ocrx_word' id='word_1_260' title='bbox 130 3278 269 3357; x_wconf 80' lang='lat' dir='ltr'>bingtcni</span> <span class='ocrx_word' id='word_1_261' title='bbox 292 3279 343 3340; x_wconf 89' lang='lat' dir='ltr'>vel</span> <span class='ocrx_word' id='word_1_262' title='bbox 372 3280 446 3338; x_wconf 92' lang='lat' dir='ltr'>mihi</span> <span class='ocrx_word' id='word_1_263' title='bbox 474 3298 522 3338; x_wconf 91' lang='lat' dir='ltr'>res</span> <span class='ocrx_word' id='word_1_264' title='bbox 550 3299 691 3356; x_wconf 85' lang='lat' dir='ltr'>prospere</span> <span class='ocrx_word' id='word_1_265' title='bbox 721 3282 825 3357; x_wconf 82' lang='lat' dir='ltr'>cessit,</span> <span class='ocrx_word' id='word_1_266' title='bbox 856 3280 1046 3355; x_wconf 87' lang='lat' dir='ltr'>multumque</span> <span class='ocrx_word' id='word_1_267' title='bbox 1077 3280 1145 3341; x_wconf 89' lang='lat' dir='ltr'>inde</span> 
     </span>
     <span class='ocr_line' id='line_1_36' title="bbox 131 3368 1142 3445; baseline 0.004 -19"><span class='ocrx_word' id='word_1_268' title='bbox 131 3369 247 3427; x_wconf 83' lang='lat' dir='ltr'>fructus</span> <span class='ocrx_word' id='word_1_269' title='bbox 270 3368 302 3427; x_wconf 92' lang='lat' dir='ltr'>in</span> <span class='ocrx_word' id='word_1_270' title='bbox 324 3369 585 3429; x_wconf 87' lang='lat' dir='ltr'>Demosthenicam</span> <span class='ocrx_word' id='word_1_271' title='bbox 612 3371 789 3445; x_wconf 88' lang='lat' dir='ltr'>praesertim</span> <span class='ocrx_word' id='word_1_272' title='bbox 818 3369 985 3430; x_wconf 88' lang='lat' dir='ltr'>oraticnem</span> <span class='ocrx_word' id='word_1_273' title='bbox 1014 3368 1142 3430; x_wconf 82' lang='lat' dir='ltr'>devenit</span> 
     </span>
     <span class='ocr_line' id='line_1_37' title="bbox 131 3457 1146 3537; baseline 0 -21"><span class='ocrx_word' id='word_1_274' title='bbox 131 3457 274 3516; x_wconf 85' lang='lat' dir='ltr'>Eiusdem</span> <span class='ocrx_word' id='word_1_275' title='bbox 304 3458 502 3536; x_wconf 84' lang='lat' dir='ltr'>Babingtcnis</span> <span class='ocrx_word' id='word_1_276' title='bbox 534 3458 671 3517; x_wconf 87' lang='lat' dir='ltr'>comitati</span> <span class='ocrx_word' id='word_1_277' title='bbox 704 3459 810 3537; x_wconf 89' lang='lat' dir='ltr'>debeo,</span> <span class='ocrx_word' id='word_1_278' title='bbox 843 3460 922 3536; x_wconf 92' lang='lat' dir='ltr'>quod</span> <span class='ocrx_word' id='word_1_279' title='bbox 954 3458 1016 3517; x_wconf 87' lang='lat' dir='ltr'>iarn</span> <span class='ocrx_word' id='word_1_280' title='bbox 1047 3459 1146 3535; x_wconf 90' lang='lat' dir='ltr'>prima</span> 
     </span>
     <span class='ocr_line' id='line_1_38' title="bbox 130 3546 1146 3625; baseline 0.002 -20"><span class='ocrx_word' id='word_1_281' title='bbox 130 3565 198 3606; x_wconf 88' lang='lat' dir='ltr'>mea</span> <span class='ocrx_word' id='word_1_282' title='bbox 222 3546 313 3607; x_wconf 91' lang='lat' dir='ltr'>editio</span> <span class='ocrx_word' id='word_1_283' title='bbox 337 3548 380 3606; x_wconf 91' lang='lat' dir='ltr'>eis</span> <span class='ocrx_word' id='word_1_284' title='bbox 402 3546 591 3625; x_wconf 82' lang='lat' dir='ltr'>fragmentis,</span> <span class='ocrx_word' id='word_1_285' title='bbox 614 3566 691 3624; x_wconf 89' lang='lat' dir='ltr'>quae</span> <span class='ocrx_word' id='word_1_286' title='bbox 710 3566 745 3607; x_wconf 91' lang='lat' dir='ltr'>eo</span> <span class='ocrx_word' id='word_1_287' title='bbox 765 3565 859 3624; x_wconf 87' lang='lat' dir='ltr'>usque</span> <span class='ocrx_word' id='word_1_288' title='bbox 878 3547 993 3607; x_wconf 91' lang='lat' dir='ltr'>inedita</span> <span class='ocrx_word' id='word_1_289' title='bbox 1011 3547 1042 3606; x_wconf 92' lang='lat' dir='ltr'>in</span> <span class='ocrx_word' id='word_1_290' title='bbox 1063 3547 1146 3607; x_wconf 86' lang='lat' dir='ltr'>illius</span> 
     </span>
    </p>
   </div>
   <div class='ocr_carea' id='block_1_3' title="bbox 0 0 1207 3960">
    <p class='ocr_par' dir='ltr' id='par_1_3' title="bbox 0 0 1207 3960">
     <span class='ocr_line' id='line_1_39' title="bbox 0 0 1207 3960; baseline 0 0"><span class='ocrx_word' id='word_1_291' title='bbox 0 0 1207 3960; x_wconf 95' lang='lat' dir='ltr'> </span> 
     </span>
    </p>
   </div>
  </div>
 </body>
</html>
