2392 3960
141 186 204 251 128
509 185 782 241 ΑΠΟΕΠΑΕΜΑΤΙΑ

139 332 190 396 καὶ
213 331 263 396 ότι
284 333 353 395 Χῑοι
372 330 512 410 ηὔχοντο
532 329 710 409 Ἀθηναίοις
729 331 919 409 δεδήλωκεν.
968 326 1084 395 Schol.
1104 330 1159 395 Ar.

139 421 199 485 Αν.
233 421 312 503 880,
354 420 410 484 ubi
447 419 523 483 libri
564 420 600 484 ἐν
636 423 682 502 τῷ
721 423 829 504 χαλκῷ
871 418 1008 502 διδακτός
1052 421 1159 504 Χιακῷ

140 508 322 574 Boeckhius
346 508 498 573 restituit.

85 654 166 694 uxm
447 630 559 696 LXVI.
596 633 851 697 ΑΠΑΡΑΕΗΜΑ

87 780 127 819 ονε
234 757 307 822 195.
332 755 372 821 “A
396 754 425 821 δ’
453 753 545 821 ἐστὶν
567 755 696 840 ἀφανῆ,
725 755 851 839 ἀνάγκη
879 757 958 832 τοὺς
981 755 1159 821 διδάσκον-

141 870 199 924 τας
230 848 417 930 τεκμηρίοις
444 842 500 911 καὶ
529 855 599 921 τοῖς
631 847 736 910 είκόσι
770 847 886 929 ζητεῖν.
939 842 1040 911 Olem.
1070 845 1161 910 Alex.

143 934 263 1000 Strom.
279 933 335 1013 VI,
354 935 420 1001 625
437 935 462 998 A
480 932 569 1017 sylb.
584 932 642 1018 111,
663 934 726 998 139
742 933 801 998 Dd.
825 933 1018 999 Theodoret.
1032 935 1159 1020 therap.

89 1134 128 1174 aas
212 1047 305 1178 Ρ196.
330 1112 505 1195 Χαρακτὴρ
530 1109 641 1187 οὐδεὶς
663 1112 793 1176 ἔπεστιν
818 1107 871 1176 ἐπὶ
892 1119 954 1176 τοῦ
976 1112 1160 1197 προσώπου

143 1210 200 1284 τῆς
238 1202 389 1277 διανοίας
424 1211 493 1277 τοῖς
530 1200 729 1286 ἀνθρώποις.
785 1198 885 1266 Clem.
918 1199 1009 1265 Alex.
1040 1201 1160 1268 Strom.

144 1289 191 1353 VI
216 1313 246 1374 p.
268 1290 333 1355 625
353 1288 377 1355 O
397 1288 485 1374 Sylb.
505 1288 555 1353 ΙΙΙ
578 1313 607 1374 p.
629 1290 693 1354 140
712 1288 772 1354 Dd.

103 1400 129 1440 τι
234 1379 306 1443 197.
344 1379 396 1465 Τῷ
426 1375 486 1462 μδν
519 1381 636 1443 τοίνυν
659 1375 718 1442 Διὶ
747 1373 772 1442 ὦ
805 1378 926 1463 ἄνδρες
958 1376 1112 1444 δικασταὶ
1140 1379 1159 1462 ἡ

143 1468 314 1552 ἐπωνυμία
337 1467 454 1550 γέγονε
477 1476 538 1532 τοῦ
557 1467 752 1550 ἐλευθέριον
770 1468 1085 1550 προσαγορεύεσθαι
1105 1468 1161 1533 διὰ

144 1560 181 1622 τὸ
218 1560 297 1633 τοὺς
335 1555 569 1639 ἐξελευθέρους
604 1558 666 1639 την
703 1557 805 1621 στοδιν
843 1557 1062 1640 οἰκοδομῆσαι
1099 1559 1161 1640 τὴν

142 1649 284 1729 πλησίον
303 1645 415 1711 αὐτοῦ.
452 1645 554 1729 Harp.
574 1668 598 1710 s.
618 1669 646 1709 ν.
671 1644 866 1724 Ἐλευθέριοε
885 1646 983 1722 Ζεόε;
1009 1645 1050 1711 of.
1063 1644 1102 1710 E.
1118 1645 1160 1710 Μ.

143 1759 173 1821 p.
194 1736 267 1812 329,
289 1733 342 1798 44.
389 1735 437 1797 Ad
464 1743 545 1799 orat.
564 1757 590 1799 ο.
613 1734 837 1819 Aristagoram
860 1734 961 1798 refert
985 1731 1015 1798 S.

90 1844 130 1884 sao
234 1823 306 1889 198.
327 1821 411 1906 Ἐγὼ
436 1820 472 1888 δδ
496 1823 572 1888 οὔτε
601 1823 770 1909 δᾳδούχου
798 1819 968 1908 θυγατέρα
992 1824 1057 1907 ἔχω
1081 1824 1159 1889 οὔτε

145 1912 354 1996 ἱεροφάντου.
400 1912 501 1997 Harp.
520 1934 544 1977 s.
564 1935 592 1977 ν.
614 1912 817 1992 ἱεροφάντης.

91 2021 130 2061 aar
236 2000 308 2065 199.
338 2000 434 2066 Ἀλλὰ
462 2002 512 2065 καὶ
542 2001 620 2082 κόρη
648 2001 781 2081 νόμισμα
810 2000 890 2080 παρ’
907 1999 1088 2081 Ἀθηναῖοι(
1111 2003 1160 2084 ἦν,

144 2089 189 2154 ὼ(
212 2090 289 2154 Ὑπ,
314 2090 425 2174 φηείν,
456 2095 502 2174 τῷ
534 2090 651 2174 παιδίῳ
684 2095 740 2170 τῆ(
772 2091 808 2155 ἐν
843 2092 1008 2170 Βραυρῶνι
1039 2090 1161 2170 ἱερείας

144 2183 211 2244 τῶν
242 2178 455 2258 ἀναθημάτων
482 2200 513 2243 τι
540 2178 671 2260 λαβόντι
700 2184 942 2259 παραβληθῆναι
969 2181 1079 2257 λέγων
1106 2181 1161 2245 ἐπὶ

143 2267 238 2351 πείρᾳ
271 2272 425 2334 (υνὲεειιιε
455 2268 554 2347 κόρην
587 2269 638 2332 καὶ
670 2268 924 2348 τετράδραχμον,
957 2268 1093 2349 κάπειδὴ
1122 2271 1161 2334 τό

141 2357 382 2436 τετράδραχμον
410 2357 528 2439 εἵλετο,
564 2356 654 2421 δόξαι
682 2357 853 2437 διακρίνειν
884 2359 945 2436 ἤδη
978 2358 1016 2421 τδ
1045 2360 1160 2438 κέρδος

142 2447 302 2511 δύναεθαι.
348 2445 428 2510 Poll.
449 2447 478 2528 9,
504 2446 554 2511 74.
600 2446 740 2529 Turpem
765 2446 1054 2530 grammaticorum
1074 2469 1161 2512 erro·

142 2557 210 2598 rem
230 2535 338 2619 arguit
361 2532 502 2599 Cobetus
522 2533 661 2620 (Gomm.
680 2534 794 2619 philol.
814 2538 890 2616 tres,
908 2533 957 2598 III
977 2557 1007 2618 p.
1023 2535 1065 2601 11
1084 2533 1160 2622 sq.):

138 2645 226 2705 ραρα
249 2646 299 2707 ap.
319 2623 403 2708 Hyp.
424 2624 487 2687 fuit
510 2622 596 2702 κόρη.
621 2623 710 2688 Idem
731 2626 828 2688 antea
845 2624 927 2689 vidit
945 2623 986 2690 H.
1005 2622 1160 2691 Valesius

142 2711 312 2777 Emendat.
336 2736 367 2796 p.
389 2712 429 2777 19
456 2709 781 2799 (Ariouistum).

88 2823 128 2863 no
232 2801 305 2866 200.
330 2800 506 2885 Κρεμάσας
530 2799 566 2866 ἐκ
588 2809 649 2866 τοῦ
672 2804 784 2877 κίονος
802 2799 976 2885 ἐξέδειρεν,
1000 2800 1086 2868 ὅθεν
1104 2800 1160 2868 καὶ

142 2889 315 2973 μωλιόπων
343 2891 390 2954 ἔτι
418 2899 483 2955 νῦν
506 2891 543 2954 τὸ
571 2889 675 2975 δέρμα
706 2891 827 2973 μεστὸν
857 2891 932 2976 ἔχει.
978 2891 1083 2959 καίτοι
1106 2894 1159 2958 ἐπὶ

143 2979 270 3043 τούτοις
298 2979 356 3043 οὐκ
384 2978 424 3044 ἄν
451 3001 498 3044 τι(
527 2978 610 3044 εἴποι
633 2981 671 3044 τό
696 2984 804 3059 δεῑραι.
851 2979 932 3044 Poll.
953 2978 983 3059 3,
1007 2981 1060 3047 79.
1107 2981 1160 3047 Ad

146 3072 226 3132 orat.
251 3089 276 3131 ο.
301 3066 502 3133 Dorotheum
527 3070 628 3132 refert
653 3067 683 3134 S.

90 3181 171 3309 νινΒ
200 3156 321 3310 Ami&
332 3154 399 3310 Κῖαἳδ
422 3164 466 3245 τῷ
491 3155 598 3222 σκέλει
621 3180 661 3242 με
684 3155 789 3242 ἠρέμα
808 3159 977 3242 ἔκρουσεν.
1015 3158 1156 3224 Antistt.

174 3297 180 3309 .
231 3293 238 3308 .
324 3293 333 3328 ,
402 3298 407 3309 .

216 3408 267 3457 195
286 3401 383 3456 malim
401 3405 467 3457 τοὺ(
485 3404 654 3459 δικάζονται.
671 3435 704 3443 -
724 3408 776 3458 200
796 3403 826 3458 Si
845 3406 899 3471 ἔχει
917 3420 1024 3474 verum,
1044 3423 1081 3460 ne
1093 3421 1159 3476 pro-

143 3472 238 3528 babile
258 3473 370 3542 quidem
388 3478 432 3527 est
445 3473 474 3527 in
490 3476 616 3529 oratione
636 3494 658 3531 e.
673 3475 747 3544 Dor,
767 3492 851 3544 quam
866 3476 959 3530 laesus
973 3475 1036 3546 ipse
1050 3476 1161 3543 habuit,

143 3545 213 3601 haec
232 3546 319 3600 rerba
337 3544 486 3600 exstitisse.
515 3544 636 3600 forsitan
650 3545 787 3601 orationis
802 3565 825 3602 ο.
841 3545 1028 3602 Mantitheum
1044 3548 1158 3604 fuerint
