2378 3944
81 182 173 237 XXIV
487 181 692 237 PRAEFATIO

84 333 203 393 saeculo
236 332 347 392 librum
379 332 496 391 tribuit.
541 332 690 409 Equidem
720 332 753 390 in
784 334 873 391 tanta
904 332 1106 411 obscuritate,

83 441 160 499 quae
187 441 241 497 per
263 423 340 481 banc
367 424 485 501 partem
512 421 690 498 disciplinae
712 421 982 498 palaeographicae
1006 422 1103 482 etiam

83 530 161 570 nunc
180 511 303 584 obtinet,
327 511 404 570 nihil
422 509 459 569 de
477 511 534 570 hoc
556 510 709 570 volumine
733 509 883 569 affirmare
905 512 1105 586 praeferrem,

81 601 114 659 ni
147 600 321 660 accessisset
353 599 461 659 ceteris
493 599 556 658 eius
589 599 725 676 reliquiis
757 600 961 676 fragmentum
993 599 1107 659 indicis

84 690 202 750 cursivo
220 707 329 767 genere
349 688 515 763 scripturae
535 689 670 748 confecti.
708 688 744 747 Id
768 691 871 747 autem
893 705 944 747 eas
968 707 1104 765 quarun-

83 778 153 838 dam
176 779 347 837 litterarum
371 778 482 837 formas
505 777 605 850 habet,
628 795 705 853 quae
727 778 760 836 in
782 777 890 836 ceteris
911 777 1024 836 libellis
1048 797 1105 854 pa-

83 867 221 944 pyraceis
250 868 319 925 ante
349 867 512 926 secundum
541 869 611 942 post
634 864 703 925 Chr.
726 886 755 925 n.
780 867 932 925 saeculum
955 867 1019 925 fere
1043 886 1105 926 non

84 958 276 1032 usurpentur.
322 955 401 1014 Nam
429 957 459 1014 et
484 953 507 1015 Ν
537 957 665 1036 formam
688 953 720 1015 Π
748 954 868 1014 litterae
891 955 991 1014 induit
1015 958 1048 1015 et
1071 953 1105 1016 Π

85 1063 152 1104 eam
175 1063 251 1121 quae
276 1040 301 1119 Λ
323 1043 446 1120 propria
468 1044 540 1120 fuit,
565 1047 597 1103 et
619 1041 648 1105 Φ
672 1044 746 1104 adeo
771 1044 973 1103 deformatum
996 1062 1105 1121 ampu-

84 1136 245 1210 tatumqne
268 1137 330 1210 est,
354 1141 390 1191 ut
413 1133 496 1192 haud
517 1133 648 1192 multum
671 1133 750 1192 inter
772 1132 849 1191 illud
874 1135 904 1191 et
925 1133 1055 1209 vulgare
1079 1129 1105 1193 Λ

85 1222 218 1281 intersit:
250 1222 360 1298 quippe
394 1221 419 1280 ei
449 1222 538 1280 huius
571 1223 684 1280 formae
715 1222 857 1299 laqueum
889 1222 1055 1297 parvulum
1087 1241 1106 1280 a

86 1311 208 1370 sinistra
230 1314 316 1388 parte
340 1310 490 1370 addideris
519 1310 713 1386 dextramque
736 1311 848 1369 lineam
871 1312 1011 1369 deorsum
1035 1331 1106 1387 pro-

88 1399 216 1478 duxeris,
239 1397 268 1461 Φ
287 1399 368 1476 quod
387 1399 452 1458 dico
472 1399 605 1458 habebis.
642 1398 689 1457 Sit
710 1399 805 1477 igitur
824 1400 872 1458 hio
895 1399 981 1470 liber,
1005 1399 1033 1458 si
1057 1419 1105 1458 me

88 1489 207 1563 audias,
215 1488 362 1554 Hadriani
376 1489 424 1548 vel
433 1488 654 1548 Antoninorum
668 1488 855 1564 temporibus
870 1481 1105 1569 conscriptus.*)

20 1589 112 1653 Aetas,
230 1576 249 1653 ξ
280 1580 329 1637 17.
366 1577 522 1654 Epitaphii
553 1576 686 1636 codicem
718 1577 883 1654 Babingto,
920 1577 1107 1637 assentiente

6 1644 125 1739 ὛΜ
142 1666 283 1744 Sauppio,
307 1666 345 1724 ad
367 1666 498 1725 alterum
521 1669 605 1742 post
628 1663 695 1725 Ohr.
715 1686 743 1725 n.
763 1667 917 1725 sacculum
941 1666 1050 1742 refert3
1074 1669 1107 1726 at

143 1754 365 1831 Comparettius
389 1773 443 1814 suo
462 1754 528 1813 iure
547 1755 710 1827 contendit,
734 1774 769 1814 ex
792 1773 826 1814 eo
851 1755 931 1832 quod
954 1755 1107 1814 deteriora

89 1846 120 1904 in
143 1863 178 1904 eo
202 1846 274 1903 sunt
301 1843 401 1903 omnia
424 1861 514 1919 qnam
538 1843 570 1901 in
592 1844 702 1920 altero,
725 1843 924 1902 recentiorem
947 1861 1013 1903 esse
1039 1863 1107 1905 con·

89 1934 169 1993 cludi
187 1953 247 1993 non
265 1951 369 2009 posse,
392 1933 494 2009 itaque
514 1931 539 1990 si
557 1932 654 2007 illum,
676 1932 891 2009 huncquoque
912 1933 1001 1991 alteri
1021 1937 1106 1993 ante

36 2054 38 2058 ·
66 2021 158 2082 ¹Chr.
181 2040 210 2080 n.
238 2021 357 2080 saeculo
386 2019 556 2080 adscribere
583 2021 681 2080 licere.
728 2021 777 2079 Ad
805 2023 883 2080 hanc
910 2024 1015 2081 autem
1042 2042 1107 2082 rem

90 2109 316 2188 disceptandam
334 2109 457 2168 maximi
473 2109 618 2169 momenti
641 2112 687 2168 est
709 2110 851 2188 genitura
873 2110 935 2187 illa,
959 2129 1053 2186 quam
1076 2112 1108 2169 in

90 2201 187 2260 altera
216 2199 324 2276 papyri
350 2201 442 2276 parte
471 2199 614 2273 scriptam
644 2217 709 2258 esse
740 2217 832 2275 supra
862 2201 1106 2261 commemorari.

89 2289 135 2349 De
159 2309 195 2349 ea
218 2288 275 2366 qni·
288 2287 403 2364 primus
427 2287 550 2363 scripsit
568 2285 599 2345 Ο.
613 2287 662 2346 W.
679 2286 824 2348 Goodwin
848 2307 883 2347 ex
905 2288 1108 2364 positionibus

89 2379 282 2455 planetarum
305 2377 350 2436 ibi
371 2376 511 2436 indicatis
535 2376 721 2451 computavit
740 2396 852 2435 annum
870 2377 1002 2452 spectari
1024 2381 1109 2452 post

92 2466 160 2527 Chr.
179 2487 208 2526 n.
230 2462 355 2542 154.**)
393 2465 459 2540 Ego
483 2483 601 2542 quoque
626 2484 693 2523 eum
716 2464 747 2524 in
771 2467 846 2525 hanc
869 2484 933 2523 rem
955 2465 1108 2542 inquiren-

92 2554 163 2613 dum
191 2573 256 2614 esse
284 2554 437 2628 ducerem,
465 2554 613 2631 collegam
638 2553 913 2614 coniunctissimum
942 2554 1108 2615 Kiliensem

93 2643 127 2704 G.
146 2643 184 2702 D.
202 2643 237 2702 ll.
256 2642 420 2721 Weyerum
447 2643 553 2721 rogavi
575 2645 611 2701 ut
638 2661 705 2701 eam
728 2643 983 2720 computationem
1010 2644 1107 2716 denuo

92 2733 274 2792 institueret.
308 2732 386 2792 Sunt
399 2735 500 2792 autem
515 2733 570 2791 hae
584 2731 758 2808 positiones,
773 2751 850 2810 quae
864 2732 977 2808 partim
996 2732 1108 2792 diserte

92 2824 245 2900 leguntur,
267 2822 388 2899 partim,
410 2822 463 2881 ubi
480 2822 589 2880 lacuna
606 2821 732 2880 haustae
752 2825 830 2898 sunt,
849 2839 885 2879 ex
903 2821 1011 2880 ceteris
1031 2840 1108 2898 quae

94 2915 199 2970 auctor
222 2909 307 2969 addit
330 2913 411 2970 certo
435 2911 651 2970 restituuntur:
676 2907 823 2969 Saturnus
847 2910 879 2968 in
901 2910 1041 2988 Virgine,
1067 2904 1107 2970 1⁰.

92 3001 231 3076 Iuppiter
259 2998 292 3056 in
314 2998 452 3075 Virgine,
483 2991 518 3058 8⁰
533 2989 594 3058 20'.
643 2997 724 3057 Mars
753 2999 786 3057 in
818 2998 965 3074 Geminis,
998 2989 1108 3058 6⁰12‘.

94 3089 196 3148 Venus
219 3089 251 3146 in
275 3087 383 3165 Tauro,
409 3079 465 3146 20⁰
478 3078 541 3148 45‘.
578 3088 744 3146 Mercurius
768 3088 800 3146 in
822 3088 935 3166 Ariete,
960 3080 1025 3148 20⁰.
1064 3088 1109 3147 Ea

185 3258 209 3327 *)
231 3257 266 3313 V.
291 3273 363 3325 quae
389 3255 507 3326 exposui
531 3255 561 3310 in
586 3256 679 3312 Herm.
704 3255 760 3311 vol.
780 3258 814 3311 X.
837 3276 863 3327 p.
880 3263 966 3326 24eq.
1002 3257 1110 3311 Tamen

95 3331 128 3386 V.
144 3328 341 3384 Gardthausen
360 3327 482 3397 (Gricch.
496 3327 643 3399 Palaeogr.
661 3347 688 3399 p.
706 3332 766 3397 154)
787 3331 873 3397 negat
892 3346 925 3383 ea
943 3331 1110 3398 argumenta

96 3403 134 3456 ad
153 3399 340 3456 definiendam
359 3397 509 3453 voluminis
528 3400 652 3453 aetatem
671 3398 799 3454 sufficere
818 3399 917 3454 videri.

168 3473 211 3542 **)
229 3470 264 3526 V.
284 3470 400 3525 annales
418 3468 512 3538 Lepsii
531 3469 677 3540 (Zeitschr.
696 3469 716 3525 f.
731 3473 843 3541 aegypt.
860 3470 940 3542 Spu),
959 3470 998 3524 Vl
1017 3473 1111 3542 (1868)

95 3562 123 3614 p.
140 3548 187 3613 183
205 3543 351 3612 Melangce
370 3539 613 3613 egyptologiques,
633 3548 685 3595 21111
703 3542 774 3596 serie
792 3560 820 3611 p.
836 3547 895 3598 294.
