2378 3944
89 162 154 217 XIV
492 164 700 221 PRAEFATIO

87 309 124 373 ἐν
148 317 179 374 et
206 310 262 376 (ύν
289 315 321 373 in
352 317 508 376 vocabulis
541 317 713 393 compositis
742 317 893 394 legitimas
917 317 1110 379 mutationes

88 420 177 479 saepe
199 404 328 482 neglegi.
375 405 633 465 Pronuntiabatur
661 405 724 464 sine
753 405 844 465 dubio
869 406 1050 480 (υγχωρεῖν
1078 411 1111 468 et

87 489 333 568 (υλλαμβὰνειν,
372 495 449 554 siout
480 495 513 553 in
539 495 650 554 Latina
680 494 786 570 lingua
822 489 1034 572 „imperator“
1077 502 1110 556 et

76 578 277 660 '„attollere“;
301 583 408 642 sedin
431 583 586 644 scribendo
611 584 663 642 alii
685 582 942 659 praepositionem
962 587 1108 661 sequenti

56 694 58 698 ’
85 671 206 731 litterae
226 671 498 746 accommodabant
522 674 584 752 alii,
602 672 732 732 maxime
752 672 789 730 ab
808 671 1015 732 Alexandrina
1033 674 1107 734 inde

86 763 201 837 aetate,
233 759 395 838 genuinam
425 762 553 821 formam
584 761 612 820 ei
644 761 861 838 relinquebant.
913 762 1023 838 Itaque
1056 763 1108 823 hio

85 849 235 926 librarius,
258 868 440 927 quamquam
460 850 620 929 aliquoties
639 846 780 923 ἔγκλημα
799 852 830 909 et
849 848 1014 924 (υλλήψει,
1038 869 1107 910 sae-

84 938 152 1013 pius
176 940 279 997 tamen
301 934 449 999 ἐνκαλεῖν
473 943 503 999 et
526 938 774 1015 (υνκατηγορεῑν
794 942 825 997 et
844 936 1005 1000 (υνλέξειν
1030 941 1106 998 scri-

84 1026 139 1104 bit,
162 1027 255 1086 etiam
287 1023 556 1104 (υνεκευάζεεθᾳι,
588 1029 621 1086 in
653 1046 713 1104 quo
746 1028 828 1103 apud
859 1046 927 1106 nos,
960 1028 1041 1087 siout
1070 1029 1105 1088 in

85 1115 202 1192 ceteris,
226 1117 323 1176 altera
345 1117 424 1176 ratio
447 1117 544 1179 evicit.
591 1116 783 1178 Contrarium
809 1117 899 1192 plane
929 1117 1038 1176 accidit
1066 1117 1102 1177 in

84 1200 120 1264 ἐκ
142 1205 382 1282 praepositione,
406 1225 496 1283 quam
518 1225 573 1266 nos
592 1224 711 1283 semper
733 1223 751 1264 κ
773 1205 891 1283 littera,
921 1206 973 1264 sed
997 1205 1105 1281 Hype-

84 1293 158 1352 ridis
176 1293 317 1354 librarius
337 1294 448 1370 aliique
467 1314 569 1355 ornnes
583 1296 685 1371 paullo
705 1294 890 1371 antiquiores
910 1297 979 1352 ante
995 1293 1022 1368 b,
1046 1296 1104 1355 ubi

83 1401 189 1443 revera
211 1401 302 1442 sonus
331 1384 553 1462 emolliebatur,
587 1403 691 1443 aurem
719 1401 806 1442 suam
834 1383 931 1441 secuti
958 1402 993 1441 ea
1022 1402 1103 1459 quae

84 1475 131 1531 est
158 1490 178 1544 γ
205 1490 300 1549 paene
328 1475 501 1532 constanter
534 1473 683 1549 scribunt,
716 1472 809 1531 semel
841 1474 887 1530 ost
920 1467 1042 1531 ἔκδοα(
1071 1473 1104 1531 in

82 1561 252 1637 fragmento
285 1556 431 1621 orationis
453 1562 477 1622 I.
504 1582 607 1622 recens
635 1564 761 1637 reperto.
796 1559 896 1630 ¹Quae
923 1560 1002 1619 ratio
1032 1579 1102 1619 oum

82 1650 206 1726 perinde
237 1650 319 1709 iusta
349 1653 380 1709 et
408 1651 578 1728 antiquitus
612 1652 727 1710 usitata
757 1648 798 1708 sit
833 1652 924 1726 atque
955 1668 991 1708 ea
1023 1668 1104 1724 quae

14 1810 19 1821 ι
83 1741 130 1798 est
151 1739 183 1797 in
208 1736 379 1810 συλλέγειν
402 1742 433 1798 et
456 1735 617 1814 ἐγκαλεῖν,
646 1737 834 1799 retinendam
863 1756 930 1796 eam
958 1737 1103 1798 iudicavi.

82 1819 318 1901 Ἐκλελιμμέναι
355 1828 448 1888 semel
483 1828 635 1904 totiesque
670 1823 902 1900 ἐγλειπομένην
934 1826 1102 1902 reperitur:

82 1935 190 1993 nempe
212 1918 282 1974 ante
301 1917 432 1992 liquidas
457 1935 576 1994 quoque
600 1917 771 1976 scribebant
789 1907 874 1996 css)
897 1947 934 1955 —
956 1915 1052 1974 Porro
1074 1913 1100 1976 Ν

82 2004 300 2083 paragogioum
318 2005 398 2083 quod
416 2005 526 2065 dicitur
545 2008 615 2065 ante
628 2005 765 2066 vocalem
784 2004 946 2080 diligenter
960 2004 1101 2063 additur:

83 2094 136 2153 sed
158 2095 332 2171 frequenter
355 2095 448 2154 etiarn
470 2097 541 2154 ante
565 2096 791 2168 consonantem,
813 2092 868 2152 ubi
889 2095 992 2151 noster
1014 2111 1101 2171 usus,

83 2183 220 2244 diversus
243 2183 282 2242 ab
305 2183 431 2261 antiquo
450 2177 837 2260 inscriptionibus'quoque
858 2181 1044 2258 confirmato,
1067 2181 1101 2240 in
1131 2231 1143 2264 ι.

81 2273 216 2349 pedestri
238 2274 318 2331 certe
342 2273 476 2332 oratione
498 2290 622 2349 prorsus
645 2271 770 2348 respuit.
817 2271 854 2328 In
871 2270 930 2329 fine
949 2270 1100 2330 enuntiati

81 2361 223 2422 librarius
243 2377 262 2422 ν
280 2360 365 2420 istud
383 2381 419 2420 ex
436 2361 561 2421 libidine
580 2362 630 2421 vel
648 2360 763 2422 omittit
781 2359 830 2420 vel
849 2359 942 2420 addit.
984 2358 1098 2418 Hiatus

81 2470 185 2526 porro,
210 2450 303 2510 etiam
326 2445 373 2508 illi
396 2449 494 2528 qualis
518 2453 566 2510 eet
587 2450 619 2509 in
633 2446 695 2509 ’διὰ
718 2443 832 2522 ἄλλον,
856 2466 945 2522 saepe
970 2448 1097 2507 elisione

81 2540 194 2599 vocalis
212 2543 414 2617 removentur,
433 2558 522 2614 saepe
541 2538 634 2598 etiam
651 2540 829 2613 tolerantur,
848 2537 928 2612 quod
947 2540 978 2596 et
996 2537 1098 2612 ipsum

82 2628 316 2706 orthographiae
339 2629 436 2707 magis
456 2647 545 2706 quam
565 2627 710 2687 sermonis
729 2645 793 2687 esse
812 2630 897 2704 puto,
921 2644 988 2685 oum
1008 2645 1096 2685 nemo

82 2717 173 2776 aliter
196 2735 230 2776 ao
254 2710 299 2776 δι’
322 2710 423 2779 ἄλλον
447 2717 567 2777 diceret.
613 2717 749 2777 Pertinet
777 2719 807 2774 et
833 2716 889 2773 hoc
919 2714 959 2772 ad
982 2733 1096 2774 accom-

81 2806 284 2866 modationem
306 2808 522 2871 vocabulorum
551 2806 676 2865 alterius
700 2805 738 2864 ad
761 2805 905 2878 alterum,
933 2822 1025 2878 quam
1049 2821 1097 2862 ac·

82 2895 351 2955 commodationem
369 2897 402 2955 in
419 2895 664 2971 inscriptionibus
684 2895 715 2952 et
732 2894 764 2950 in
784 2891 963 2970 quibusdam
981 2892 1095 2952 chartis
1119 2973 1120 2976 Ἴ

83 2984 170 3044 valde
190 2984 324 3061 antiquis
343 2986 439 3045 multo
459 2985 552 3044 etiam
570 2984 663 3043 latius
681 2984 784 3058 patero
803 2983 919 3058 notum,
942 2983 978 3039 ut
995 2975 1095 3054 ἱερῶγ

81 3068 252 3148 χρημάτων
277 3075 308 3132 et
330 3071 388 3133 τὸλ
412 3069 513 3146 λόγον
537 3073 656 3148 aliaque
678 3071 810 3148 plurima
832 3071 888 3129 hoc
907 3088 1001 3147 genus
1021 3070 1094 3129 sori-

81 3162 155 3221 bant
155 3181 205 3240 ur,
229 3161 282 3222 sed
304 3163 380 3223 talia
403 3163 441 3223 ab
465 3163 520 3221 hoc
542 3161 619 3221 libro
643 3161 741 3220 aliena
764 3163 845 3221 sunt

13 3245 110 3284 ⁰²²¹¹¹¹⁸⁸
223 3249 291 3326 57.
324 3252 370 3311 De
389 3252 512 3312 fortuna
530 3255 632 3309 autem
650 3269 711 3326 qua
728 3250 871 3310 volumen
889 3248 917 3305 A
939 3266 1029 3307 usum
1049 3253 1097 3308 est

4 3298 115 3391 oraque·
137 3341 210 3399 baec
225 3340 363 3400 addenda
375 3341 522 3402 videntur.
547 3338 702 3398 Harrisius
717 3358 772 3398 sua
786 3339 957 3416 fragmenta
971 3338 1095 3396 chartae

168 3528 195 3598 *)
213 3529 246 3583 V.
265 3527 378 3598 Ausspr.
394 3529 420 3584 d.
436 3525 546 3582 Griech.
563 3525 636 3582 123⁸.
