2392 3960
414 191 503 246 vlTA
521 192 716 248 HYPERIDIS
1009 192 1072 247 XLI

57 340 118 416 μὲν
135 338 188 402 καὶ
206 338 390 417 Λυκοῦργος
408 337 625 418 ἐτεθνήκεςαν,
650 340 857 416 Δημοςθένης
877 339 913 401 δὲ
932 337 978 402 ιίις
995 337 1071 418 παρ’

54 426 221 506 Ἁρπάλου
243 428 469 506 δωροδοκήςας
491 427 642 507 ἐκρίνετο,
666 428 895 507 προχειριςθεὶς
914 428 948 492 ἐξ
967 426 1069 491 άπάν-

55 537 125 580 των
156 515 277 598 (μόνος
307 516 369 596 γὰρ
401 515 526 593 ἔμεινεν
558 515 823 597 ἀδωροδόκητος)
854 515 1071 594 κατηγόρηςεν

58 606 168 670 αὐτοῦ.
201 642 239 652 -
273 607 389 683 κριθεὶς
420 606 456 668 δέ
485 605 550 669 ὑπὸ
580 610 638 670 τού
671 605 939 683 Ἀριςτογείτονος
969 623 1107 684 παρα-θ

58 694 170 772 νόμων
191 695 245 759 ἐπὶ
267 699 314 778 τῷ
336 693 460 773 γράψαι
483 695 562 771 μετὰ
586 694 785 774 Χαιρώνειαν
808 696 884 758 τούς
907 695 1072 772 μετοίκους

59 783 195 848 πολίτας
216 785 416 862 ποιήςαςθαι,
443 785 520 847 τοὺς
548 784 583 847 δέ
613 785 751 848 δούλους
774 785 977 861 ἐλευθέρους,
999 783 1071 861 ἱερὰ

58 875 95 936 δὲ
118 872 171 936 καὶ
192 876 312 937 παιδας
334 873 386 936 καὶ
408 876 562 948 γυναῖκας
585 872 631 936 εἰς
653 874 712 937 τὸν
729 874 867 950 Πειραιᾶ
889 870 1071 950 ἀποθέςθαι,

57 960 236 1040 ἀπέφυγεν.
283 961 482 1038 αἰτιωμένων
509 963 545 1026 δέ
573 981 671 1025 τινων
699 961 799 1026 αὐτὸν
826 961 871 1024 ὡς
894 962 1072 1039 παριδόντα
1092 977 1126 1025 10

57 1052 203 1115 πολλοὺς
225 1051 346 1128 νόμους
367 1051 405 1115 ἐν
426 1055 474 1133 τῷ
497 1050 682 1129 ψηφίςματι,
705 1048 896 1128 Ἐπεςκότει,
919 1048 996 1128 ἔφη,
1020 1072 1073 1127 μοι

57 1139 99 1203 τά
118 1141 318 1204 Μακεδόνων
340 1138 436 1220 ὅπλα,
458 1140 510 1202 καὶ
529 1140 595 1204 Οὐκ
618 1140 684 1216 ἐγὼ
706 1141 746 1204 τὸ
769 1142 916 1219 ψήφιςμα
934 1138 1072 1218 ἔγραψα,

56 1229 77 1305 ή
106 1227 136 1291 δ’
163 1229 200 1292 ἐν
224 1228 403 1310 Χαιρωνείᾳ
433 1227 525 1306 μάχη.
577 1229 657 1305 μετὰ
687 1230 795 1306 μέντοι
823 1232 922 1292 τοῦτο
950 1232 1073 1306 νεκρῶν

57 1315 181 1382 ἔδωκεν
212 1317 373 1396 ἀναίρεςιν
403 1315 422 1380 ὁ
452 1317 612 1382 Φίλιππος
642 1317 810 1397 φοβηθείς,
839 1317 1001 1394 πρότερον
1033 1317 1073 1380 ού

58 1408 139 1470 δούς
164 1411 234 1471 τοῖς
262 1408 410 1472 ἐλθούςιν
437 1407 473 1470 ἐκ
499 1405 674 1484 Λεβαδείας
701 1409 837 1485 κήρυξιν.
870 1442 908 1450 -
937 1406 1071 1483 ύςτερον
1093 1422 1125 1469 ιι

58 1498 95 1559 δὲ
125 1496 204 1574 μετά
234 1496 276 1559 τὰ
306 1497 380 1573 περὶ
408 1497 583 1573 Κραννῶνα
615 1494 777 1575 ςυμβάντα
809 1496 982 1572 ἐξαιτηθεὶς
1014 1493 1073 1558 ὑπ’

59 1583 270 1662 Ἀντιπάτρου
303 1586 355 1649 καὶ
387 1585 514 1661 μέλλων
551 1584 729 1648 ἐκδίδοςθαι
765 1584 830 1648 ὑπὸ
865 1587 924 1647 τοῦ
962 1585 1072 1663 δήμου,

58 1673 183 1752 ἔφυγεν
210 1674 246 1737 έκ
272 1678 328 1752 τῆς
356 1672 484 1737 πόλεως
512 1672 557 1736 είς
583 1671 716 1749 Αἴγιναν
744 1672 809 1752 άμα
836 1677 906 1737 τοῖς
932 1693 1072 1751 κατεψη·

57 1919 157 1973 fidiam
178 1917 330 1988 Hyperidis
353 1920 453 1973 acerbe
477 1918 605 1986 exagitat
627 1917 742 1973 Lucian.
762 1919 829 1972 Ειιο.
848 1917 927 1972 Dem.
947 1924 995 1972 31:
1022 1919 1074 1972 τόν

57 1995 174 2046 άπιςτον
194 1993 270 2056 Ὑπ.,
292 1991 344 2044 τὸν
362 1992 465 2057 άφιλαν
484 1991 675 2057 δημοκόλακα,
698 1991 750 2043 τὸν
768 1991 851 2044 οὐδὲν
870 1989 981 2057 αἰτχρὸν
999 1990 1074 2056 νομί-

57 2079 145 2118 ςαντα
162 2062 292 2130 κολακείᾳ
308 2066 361 2114 τού
378 2063 503 2128 πλήθους
516 2065 721 2129 ςυκοφαντῆςαι
734 2062 926 2128 Δημοςθένην.
938 2091 970 2100 -
981 2059 1038 2114 vit
1048 2060 1075 2114 X

57 2151 98 2188 οτ.
117 2131 197 2188 Dem.
217 2131 314 2188 8460:
342 2132 473 2199 είςαχθείς
496 2133 527 2186 δὲ
545 2134 643 2200 (Δημ)
665 2131 704 2186 είς
727 2134 900 2200 δικαστήριον
920 2133 977 2185 ὑπὸ
996 2134 1075 2186 Ὑπε-

57 2206 154 2273 ρείδου
172 2206 286 2259 Πυθέου
301 2204 491 2269 Μενεςαίχμου
506 2203 638 2269 Ἱμεραίου
651 2204 820 2270 Προκλέους
850 2202 926 2258 Suid.
942 2219 962 2258 s.
978 2221 1004 2256 ν.
1020 2205 1073 2257 Ὑ.ι

57 2279 90 2332 ὃς
112 2279 160 2330 καλ
181 2276 264 2343 φίλος
285 2278 326 2329 ὢν
344 2276 541 2341 Δημοτθένους
558 2275 703 2341 ἐγράψατο
722 2275 809 2328 αὐτὸν
831 2275 876 2328 ἐπὶ
898 2280 958 2327 τοί(
976 2274 1075 2340 Ἁρπα-

57 2348 143 2402 λείοις
159 2349 301 2414 χρήμαςιν.
315 2377 351 2386 -
364 2347 482 2399 Munera
495 2345 531 2398 ab
545 2345 671 2414 Harpalo
684 2343 857 2414 Hyperidem
871 2360 982 2412 quoque
996 2360 1074 2398 ecee

56 2419 136 2489 pisse
149 2417 291 2472 Timoelee
305 2415 429 2471 comicus
444 2433 490 2485 ap.
500 2415 567 2471 Am
576 2416 642 2470 Vlss
656 2421 708 2469 342
719 2417 745 2468 A
763 2415 941 2480 criminatum
960 2432 985 2467 v.
1000 2414 1075 2468 infra

58 2487 421 2555 αά517.-θθ.Ιιγα.ο
443 2486 541 2541 Leocr.
555 2491 590 2540 36
600 2504 655 2554 eq.:
673 2487 720 2541 καί
737 2505 784 2553 μοι
802 2488 868 2552 λαβέ
885 2488 920 2540 τὸ
938 2488 1075 2555 ψήφιςμα,

56 2566 231 2630 γραμματεῦ,
249 2562 284 2615 τὸ
303 2560 474 2626 Ὑπερείδου,
493 2562 538 2613 καί
556 2559 751 2624 άναγίγνωςκε.
766 2588 801 2597 -
817 2559 934 2611 ἀκούετε
951 2563 1003 2611 ταθ
1022 2577 1076 2626 φη

57 2634 196 2702 φίςματος
213 2633 238 2685 ὦ
255 2634 363 2699 ἄνδρες,
381 2633 425 2684 δτι
442 2634 496 2697 τὴν
515 2633 618 2697 βουλὴν
635 2632 704 2683 τούς
721 2625 751 2697 φ’
767 2629 941 2696 καταβαίνειν
960 2629 999 2682 εἰς
1011 2630 1076 2684 Πει-

57 2709 126 2772 pmii
147 2709 353 2771 χρηματιοθςαν
374 2705 438 2769 περὶ
460 2704 587 2769 φυλακῆς
608 2706 660 2754 τοθ
678 2701 832 2767 Πειραιέως
855 2701 886 2754 ἐν
903 2706 963 2754 τοῖς
981 2702 1077 2754 ὅπλοις

57 2779 139 2830 ἔδοξε
156 2777 213 2829 κτὲ
231 2805 266 2814 -
285 2778 363 2840 §412
386 2773 464 2840 ἡνίχ’
479 2775 549 2839 δρθν
566 2775 602 2839 ήν
619 2773 671 2826 τὸν
690 2774 780 2838 δῆμον
797 2773 992 2839 ψηφιςάμενον
1009 2775 1076 2826 τούς

58 2849 111 2914 μὲν
128 2848 248 2900 δούλους
265 2847 436 2913 ἐλευθέρους,
454 2847 521 2898 τούς
539 2844 569 2898 δὲ
588 2844 684 2897 ξένους
698 2843 870 2909 Ἀθηναίους,
888 2845 956 2897 τούς
974 2844 1004 2897 δ’
1017 2843 1075 2896 ἀτί-

59 2935 130 2984 μους
142 2917 292 2984 ὲπιτίμους.
311 2918 437 2971 ceterum
451 2914 486 2970 cfi
496 2913 550 2983 frg.
560 2931 599 2968 or.
611 2931 634 2968 α.
644 2912 782 2982 Arietog.;
798 2912 902 2984 [Dem.]
917 2931 940 2968 α.
950 2914 1074 2982 Aristog.

59 2989 94 3057 11,
109 2993 159 3055 113
178 2989 290 3058 Sauppe
309 2987 341 3044 Ο.
356 2987 389 3043 Δ
403 2986 438 3055 ΙΙ,
452 2992 518 3054 ²8⁰3
538 2983 671 3038 Schaefer
687 2983 767 3039 Dem.
782 2983 843 3050 111²,
858 2992 883 3038 9.
899 3016 932 3024 -
947 2990 962 3048 5
979 2990 1013 3038 10
1031 2988 1076 3039 καί

59 3063 126 3114 ante
144 3061 205 3114 Ούκ
227 3076 261 3113 ex
278 3057 382 3113 Photio
407 3059 479 3126 (eod.
493 3058 556 3126 266)
576 3054 687 3121 addidi3
711 3057 773 3110 οὐδ’
785 3055 934 3110 Westerm.
954 3054 1074 3124 Sauppe.

60 3162 93 3172 -
112 3134 188 3197 511.
212 3129 291 3184 said.
310 3131 491 3196 Ἀντίπατρος
510 3135 538 3182 3:
563 3130 607 3181 δτι
628 3132 688 3180 τῶν
707 3127 863 3194 Ἀθηναίων
884 3129 935 3181 τάς
959 3128 1077 3194 Ἀθήνας

60 3203 236 3271 Ἀντιπάτρῳ
250 3232 287 3241 -
298 3204 486 3270 παραδόντων
499 3201 530 3253 ἐν
544 3201 600 3253 δέει
613 3200 693 3253 ὄντες
711 3199 738 3252 οί
758 3201 920 3265 δημαγωγοί
939 3198 988 3266 (οἱ)
1006 3199 1077 3264 πρὸ(

59 3278 113 3341 τήν
131 3275 313 3328 ὲπανάςταςιν
333 3275 401 3327 τούς
419 3271 583 3338 Ἀθηναίους
600 3271 766 3337 ἐπάραντες,
789 3273 826 3337 μὴ
845 3274 899 3336 τήν
918 3270 1008 3322 αἰτίαν
1027 3270 1076 3322 ἐπ’

59 3347 167 3400 αὐτοὺς
188 3345 342 3411 ἐνέγκωςιν,
368 3345 484 3412 ἔφυγον.
521 3341 548 3395 οἱ
570 3343 601 3396 δέ
620 3342 675 3395 Ἀθ.
695 3342 809 3410 θανάτῳ
832 3342 939 3407 ἐρήμην
956 3342 1077 3394 τούτους

60 3416 251 3483 κατεδίκαςαν,
275 3415 316 3468 ιύν
338 3417 374 3482 ήν
392 3415 624 3482 Δημοςθένης-
643 3415 689 3466 καί
709 3414 769 3467 Ὑπ.
789 3415 833 3465 καί
858 3413 998 3478 Ἱμεραῖος,
1021 3414 1075 3476 τὴν

58 3493 112 3542 τοθ
136 3488 261 3541 θανάτου
288 3486 424 3554 είςήγηςιν
452 3485 655 3550 είςενεγκόντος
679 3485 840 3553 (Δημάδου)
867 3481 920 3551 (ita
945 3480 1077 3534 Schaefer

59 3557 124 3628 1112,
139 3563 207 3628 391,
222 3560 256 3627 l).
293 3556 365 3612 Plut.
379 3557 458 3611 Dem.
473 3561 521 3611 28:
541 3587 574 3595 -
594 3586 628 3596 -
648 3555 743 3621 οἱμὲν
760 3557 822 3623 περὶ
840 3556 892 3607 τὸν
910 3555 984 3619 Δημ
1002 3553 1076 3619 φθά-
