2378 3944
84 174 200 231 XXVIII
485 172 691 228 PRAEFATIO

87 345 161 402 qum
184 325 278 401 probe
302 325 363 385 scio
387 326 466 385 solas
495 325 642 403 genuinae
665 323 803 384 Atthidie
826 341 900 384 esse.
946 321 1010 383 Sed
1032 324 1109 384 haec

85 414 212 487 leviore,
249 415 390 492 graviora
417 415 490 491 5115,
527 433 604 491 quae
630 414 692 472 iam
720 412 759 471 ed
791 411 975 473 sententiam
1007 413 1107 488 ipsum

85 503 263 580 pertineant,
288 507 378 580 atque
402 503 433 562 in
456 503 499 562 eis
519 504 578 561 etsi
595 522 656 562 non
674 501 826 579 librarius,
850 503 1005 561 corrector
1022 505 1105 562 certe

86 592 252 652 Ardenieni
275 592 346 651 libri
369 592 482 652 maiore
506 611 576 651 cum
593 591 753 667 diligentia
770 592 910 650 versutus
928 593 984 650 est.
1032 589 1105 651 Cor·

87 684 165 741 rexit
187 681 213 740 is
237 680 357 740 circiter
384 685 506 740 centum
535 682 616 740 locos
648 680 819 757 mendosos,
850 698 948 756 neque
975 697 1106 757 usquam

88 770 124 830 de
148 769 342 829 correctionis
365 770 493 830 veritate
517 769 656 829 dubitare
679 769 764 844 licet;
793 786 869 846 quae
896 768 1106 828 15555555511-

87 859 155 937 quit
177 861 281 934 aperte
304 857 454 936 mendosa,
479 857 718 936 orthographicis
742 857 803 916 illis
827 856 954 934 omissis,
977 857 1107 935 triginta

87 966 245 1008 numerum
285 947 337 1007 vix
369 947 522 1007 excedunt.
569 947 704 1017 Quorum
732 946 908 1006 mendorum
940 947 978 1004 ut
1011 965 1103 1024 genus
1145 1004 1147 1035 Ι

89 1036 231 1112 origoque
254 1035 467 1114 perspicietur,
496 1036 570 1096 haec
599 1055 676 1113 quae
703 1055 763 1094 non
790 1037 927 1095 correcta
955 1040 1029 1094 sunt
1046 1036 1103 1094 iem
1143 1056 1147 1155 Α

88 1126 120 1183 in
143 1128 306 1200 conspectu
327 1143 445 1200 ponam.
491 1120 639 1197 Λογογον
664 1118 793 1201 (λόγον)
812 1124 897 1184 Dem.
917 1126 947 1198 3,
968 1126 1004 1200 7,
1027 1121 1104 1184 Παι·

88 1208 176 1273 νιεύε
200 1208 401 1289 (Παιανιεύς)
422 1216 473 1290 26,
494 1215 549 1288 13,
574 1214 718 1273 omissum
741 1207 782 1272 ἄν
801 1216 854 1288 30,
873 1214 910 1289 8,
934 1206 985 1271 ἅλ’
1006 1205 1102 1290 ((111))

89 1304 224 1377 34,15,
256 1302 485 1376 ευνκατηγορεῑ
516 1321 571 1378 pro
609 1301 858 1376 ευνκατηγορεῖν
890 1301 962 1377 Lyc.
993 1304 1050 1376 44,
1073 1305 1104 1376 2,

90 1406 201 1451 οικειοι
224 1410 278 1467 pro
307 1385 338 1450 οἱ
366 1387 477 1451 οἰκεῖοι
500 1390 561 1450 ibd.
586 1382 672 1472 (pap.
692 1381 820 1471 Arden.)
844 1391 898 1450 col.
919 1392 953 1467 3,
967 1387 1105 1450 τούτων

88 1499 144 1558 pro
167 1475 285 1540 τούτου
304 1483 336 1538 55
355 1479 629 1540 ακουεινκελενειν
649 1480 759 1540 omisso
778 1474 830 1539 καί
848 1480 904 1539 551.
924 1480 953 1557 9,
978 1475 1020 1538 οὐ
1039 1482 1105 1556 post

90 1564 157 1647 ᾤου
189 1569 334 1629 omissum
363 1569 418 1629 col.
444 1572 500 1646 11,
517 1585 629 1628 ,αιτιαι
658 1588 713 1644 pro
743 1562 776 1628 αἱ
806 1562 902 1628 αἰτίαι
928 1569 984 1645 15,
1019 1586 1105 1644 porro
1144 1570 1146 1645 1

90 1673 222 1731 μυρρινη
251 1676 305 1732 pro
335 1653 459 1736 Μυρίνῃ
485 1660 526 1716 14
551 1660 583 1715 55
610 1656 893 1716 ευναπολλνοντα(
923 1659 964 1716 15
995 1661 1028 1716 55
1055 1674 1105 1731 τη-

90 1744 173 1805 λικια
197 1741 249 1825 (τῇ
267 1740 385 1825 ἡλικίᾳ)
408 1748 457 1824 12,
481 1746 512 1804 15
537 1746 647 1822 quibus
670 1746 844 1822 imperfecte
864 1748 1037 1804 correctum
1055 1749 1106 1806 est.

89 1835 126 1894 In
144 1835 340 1911 Euxenippee
363 1835 456 1894 habes
479 1853 636 1909 perversus
654 1835 811 1894 nominum
831 1835 999 1911 scripturas
1019 1828 1107 1908 Ἀγη-

91 1922 196 1998 (ικλῆε
215 1942 269 1998 pro
288 1917 472 1998 Ἀγαεικλῆε
491 1923 545 1982 col.
568 1926 617 1998 19,
637 1922 783 1998 Αιῑηνιεα
803 1925 853 1984 38.
891 1923 984 1983 Porro
1005 1939 1106 1996 ειεαγ-

91 2011 359 2084 γελιανανδονναι
387 2014 431 2072 40
462 2012 541 2072 mele
573 2012 684 2072 iterata
717 2013 847 2090 syllaba,
880 2015 912 2070 et
944 2012 1043 2087 ιδιον,
1076 2016 1110 2072 55

90 2100 244 2178 plerisque
264 2100 395 2174 videtur,
418 2102 569 2161 contrario
588 2102 662 2161 uitio
681 2121 736 2178 pro
755 2090 839 2161 ἴδιον
859 2094 898 2160 ὄν
919 2104 969 2161 30.
1013 2102 1109 2161 Huius

92 2189 189 2249 simile
214 2191 260 2248 est
282 2183 327 2248 ὼε
350 2193 420 2264 post
437 2186 637 2264 Παλληνέω(
657 2191 800 2250 omissum
820 2182 870 2268 (ut
888 2189 1023 2250 Cobetus
1042 2210 1110 2252 con·

90 2271 176 2359 iecit)
201 2278 328 2356 55144,
351 2279 444 2338 etiem
467 2294 593 2338 τουτων
616 2298 671 2355 pro
694 2276 812 2339 τούτου
835 2278 902 2338 τῶν
927 2281 968 2338 25
993 2283 1027 2339 55
1050 2279 1110 2340 δει-

92 2384 192 2428 νατον
214 2387 269 2443 pro
293 2361 482 2428 δεινότατον
505 2369 562 2443 41,
594 2368 677 2427 111155
706 2383 1108 2443 υπηρετεικαικατατηεπο-

93 2455 176 2516 λεωε
201 2458 257 2529 39,
288 2456 314 2516 51
337 2456 459 2532 quidem
487 2456 529 2515 ibi
558 2456 692 2517 abundat
715 2473 766 2516 και
794 2475 890 2533 neque
918 2451 1110 2533 ὑπηρετήκει

92 2545 305 2621 reponendum.
353 2545 410 2603 Vix
433 2545 531 2604 ullum
554 2545 741 2605 defensorem
759 2547 884 2605 nactum
907 2548 954 2605 est
971 2562 1110 2620 μηουτα-

97 2649 208 2707 αριετα
232 2636 274 2694 20
297 2653 352 2710 pro
377 2632 417 2709 μὴ
441 2630 482 2694 τὰ
505 2629 623 2708 ἄριετα.
659 2634 765 2712 Neque
789 2633 949 2694 defendam
973 2636 1112 2712 equidem

93 2723 142 2782 vel
162 2737 270 2781 uurorc
288 2741 313 2782 5.
329 2725 381 2800 30,
399 2723 452 2783 ubi
472 2718 583 2783 adroic
603 2723 779 2800 requiritur,
797 2723 846 2783 vel
860 2718 979 2783 αὐτοὺ(
992 2720 1110 2800 ὑπηρε·

94 2811 230 2871 τοῦντα(
258 2812 300 2870 48
325 2830 380 2888 pro
408 2807 519 2872 edroi(
547 2806 613 2885 inu,
646 2831 818 2890 quanquam
851 2811 965 2872 retinet
992 2811 1110 2874 Caesar.

94 2900 188 2959 Porro
221 2914 365 2960 ειειεαειν
398 2901 544 2977 scriptum
576 2920 631 2977 pro
665 2896 791 2961 cicietur
826 2903 881 2977 21,
919 2894 1024 2962 cicccc
1057 2921 1111 2980 pro

6 3017 10 3027 ·
96 2984 196 3067 ᾦεεθε
222 2990 273 3066 22,
296 3004 356 3048 ταν
378 3008 433 3065 pro
457 2990 528 3050 τοῖν
551 2989 601 3049 vel
623 2990 696 3050 ταῖν
715 2993 745 3050 55
764 3005 892 3064 ποιηεαι
910 3009 965 3066 pro
983 2988 1111 3065 πορίεαι

96 3081 148 3155 29,
171 3071 400 3152 κοιμηεάμενοι
422 3097 477 3154 pro
500 3073 708 3154 ποιηεάμενοι
728 3082 769 3139 36
795 3071 863 3161 (551
881 3098 951 3138 mox
974 3081 1124 3157 seqnitur,

95 3161 241 3243 κόεμον),
271 3165 361 3237 δοκεῖ
386 3185 442 3243 pro
470 3161 575 3227 ἐδόκει
599 3171 655 3244 39,
687 3183 727 3242 ην
755 3187 809 3244 pro
833 3164 852 3247 ῇ
876 3169 929 3227 46.
974 3168 1112 3248 Denique

95 3274 165 3316 oum
188 3257 229 3317 31
254 3271 429 3329 τεταφεναι
452 3274 506 3331 pro
534 3253 692 3331 τεθάφθαι
720 3252 773 3317 ναί
799 3257 943 3318 librarius
972 3256 1113 3331 dedisset,

24 3355 29 3364 '
94 3345 336 3405 sIncorrectum
359 3344 479 3404 mansit.
526 3345 603 3404 Sunt
627 3347 691 3405 sine
715 3346 805 3405 dubio
829 3346 890 3405 5115
913 3345 990 3406 vitiu
1011 3347 1111 3424 magis

94 3432 232 3512 15555515,
255 3452 383 3512 quorum
406 3436 508 3494 tumen
530 3453 688 3493 numerum
713 3454 750 3493 ex
773 3435 820 3492 his
849 3453 926 3512 quae
949 3436 981 3493 in
1003 3455 1110 3514 prope

95 3522 162 3585 tulo
180 3525 253 3584 sunt
271 3522 462 3600 aliquatenus
481 3523 648 3584 coniectare
666 3524 772 3601 possis.
810 3525 835 3582 E
855 3524 997 3584 correctis
1016 3543 1112 3602 peuce
