2378 3944
132 188 197 253 106
503 189 774 244 ΑΠΟΕΠΑΕΜΑΤΙΑ

132 335 152 398 l.
177 356 214 398 c:
240 335 291 398 διὰ
314 339 410 398 τοῦτο
434 335 496 412 γὰρ
520 335 636 412 ἐκλήθη
660 333 806 413 Πρόνοια
828 332 955 414 Ἀθηνᾶ,
980 334 1029 399 ὅτι
1046 333 1130 414 προιλ

130 426 231 503 νοήθη
262 429 320 487 τοῦ
350 423 447 487 τόκου
477 428 533 501 τῆς
561 423 691 500 Λητοῦς.
719 460 757 469 -
782 423 892 488 Etiam
917 423 1088 488 Menander
1106 445 1131 486 π.

131 513 211 577 ἐπιδ.
230 511 278 577 IX
301 535 331 594 p.
351 512 415 575 422
437 512 489 575 W.
514 508 559 598 (p.
581 513 645 576 144
664 509 787 598 Burs),
810 513 842 576 id
863 514 949 596 quod
974 514 1055 577 vidit
1075 511 1133 593 Bb,

130 601 215 666 hanc
248 603 428 665 orationem
459 600 606 683 respicit:
639 603 767 677 λέγουσι
797 603 855 679 μὲν
884 602 916 666 οἱ
946 605 1006 682 τὴν
1034 605 1133 681 Δῆλον

131 691 298 770 εὐτυχῆεαι
322 689 498 769 φάεκοντε(
521 691 580 767 τὴν
602 689 782 770 ὑποδοχήν,
799 689 1011 769 ’ἀναεχοῡιαν
1034 693 1068 756 ἐκ
1088 698 1133 756 θα-

130 779 246 857 λάττηε
273 780 337 857 πρὸ
364 783 423 842 τοῦ
451 781 672 857 κρυπτομένην
699 780 751 843 καὶ
780 779 878 843 οὖσαν
906 780 1039 860 ὕφαλον
1067 780 1135 843 ὑπο·

131 871 276 934 δέξαιθαι
299 869 513 978 πλανωμένην
535 870 595 947 τὴν
618 867 694 932 θεὸν
717 869 754 932 ἐκ
772 868 907 933 (ουνίου
931 874 990 948 τῆ(
1008 867 1136 948 Ἀττικῆι

130 959 283 1036 ἐπιβᾶιαν
306 963 343 1040 τῇ
368 959 453 1039 νήιῳ
477 952 531 1042 (cf.
556 955 692 1020 eundem
715 979 747 1040 p
767 957 842 1040 144,
865 957 904 1021 de
928 957 1136 1043 Ζαπάταν)-

130 1044 216 1109 Det
202 1046 323 1128 templo
347 1044 481 1123 Ἀθηνᾶ(
504 1044 676 1123 Προνοίας,
700 1046 797 1198 quodt
810 1045 882 1109 Deli
906 1046 986 1132 fuit,
1011 1045 1138 1112 conferri
1179 1118 1181 1133 Ι

53 1168 56 1175 -
129 1134 219 1197 iubet
233 1134 292 1198 Bb
316 1131 749 1218 Macrob.Sei.117,55;v.
765 1135 864 1199 etiam
878 1133 1139 1201 Prellechbcr

52 1258 56 1270 ·
131 1221 257 1287 Griech.
281 1222 419 1304 Myrhol.
442 1220 468 1299 I,
492 1223 566 1302 194,
589 1221 618 1286 5.

89 1335 115 1374 τε
220 1311 271 1376 68.
291 1309 474 1375 Ἐνταυδοῐ
494 1310 613 1374 δύεται
635 1311 680 1398 τῷ
701 1307 885 1376 Ἀπόλλωνι
909 1309 1136 1397 ὁσημέραι
1091 1337 1140 1377 ιιαι

109 1397 221 1487 μερὶς
243 1399 332 1485 αὐτῷ
361 1399 416 1464 καὶ
446 1401 583 1464 δεῖπνον
606 1402 834 1484 παρατίθεται.
882 1400 1072 1468 Priscianus
1096 1402 1141 1485 18,

127 1490 233 1571 §251
259 1513 289 1573 p.
309 1489 375 1554 334
393 1488 433 1552 Η.

87 1601 113 1640 τι
217 1579 269 1644 69.
292 1575 360 1642 Καὶ
391 1577 450 1641 τὸν
481 1585 628 1660 κρατῆρα
660 1576 719 1642 τὸν
751 1577 949 1644 Πανιώνιον
982 1587 1083 1664 κοινῇ
1113 1578 1144 1642 οί

119 1666 277 1751 Ἕλληνες
294 1667 546 1750 κεραννύουσιν.
584 1666 663 1731 Ath.
681 1665 712 1729 X
730 1689 760 1750 p.
780 1667 846 1731 424
863 1666 902 1730 Ε.
943 1670 1142 1747 Κεραννύου-

128 1777 174 1821 αν
198 1780 237 1820 ex
260 1756 423 1840 Hyperide
447 1757 546 1819 etiam
570 1755 707 1820 Phoiius
731 1761 764 1820 ei
787 1754 903 1820 Suidas
929 1757 1083 1823 afferuni

85 1869 113 1907 τι
217 1846 268 1909 70.
290 1844 392 1923 Ἔχεις
417 1846 452 1908 δὲ
476 1848 612 1908 διπλοῦν
637 1845 813 1923 ετοχαεμόν
835 1845 924 1922 παρὰ
941 1846 1025 1911 Ὑπ.
1045 1848 1081 1911 ἐν
1099 1850 1140 1930 τῷ

128 1937 224 2013 Δηλ·
255 1933 449 2012 ἐκθηεόμεθα
480 1935 515 1997 δὲ
545 1933 586 1996 τὰ
615 1933 764 2012 εἰρημένα
794 1932 875 2012 ὑπὲρ
904 1939 964 1998 τοῦ
999 1937 1140 2013 γενέεθαι

48 2028 51 2033 “
127 2026 226 2103 (αφὲι
249 2024 286 2086 τὸ
311 2022 495 2101 λεγόμενον.
539 2015 714 2104 Ἀφιιιοντό
744 2044 832 2098 τινες
859 2022 906 2098 είς
935 2025 1108 2107 Apion*
1088 2047 1139 2088 αν-

126 2118 260 2195 δρωποι
300 2113 435 2186 Αἰολεῖς
475 2109 646 2194 πλούσιοι,
688 2114 827 2194 χρυσίον
869 2113 1005 2196 ἔχοντες
1046 2112 1138 2187 πολύ,

125 2203 207 2266 κατά
230 2202 378 2281 θεωρίαν
401 2207 459 2282 τῆς
477 2195 634 2275 Ἑλλάδος
656 2198 906 2283 ἀποδημοῦντες
930 2199 1048 2287 ἐνιπῆς
1070 2200 1138 2267 ἑαυ-

69 2337 72 2344 -
125 2302 207 2355 τῶν·
231 2283 324 2354 οὗτοι
344 2288 515 2372 ἐφάνησαν
539 2287 576 2353 ἐν
595 2286 721 2373 Ρηνείμ
740 2287 977 2372 ἐκβεβλημένοι
996 2297 1137 2357 τετελευ-

125 2382 266 2463 τηκότες.
299 2386 360 2442 τοῦ
392 2373 430 2442 δε
461 2377 652 2461 πράγματος
683 2379 884 2462 περιβοήτου
921 2381 1040 2464 ὄντος,
1075 2381 1136 2445 ἐπι-

125 2468 267 2552 φέρουσι
286 2468 408 2549 Δήλιοι
426 2478 496 2542 τοις
509 2463 681 2577 Ρηνεῦσιν
699 2491 720 2531 α
722 2466 859 2550 ίτίαν,“
843 2491 887 2544 ως
905 2467 1025 2533 αὐτῶν
1043 2477 1136 2533 ταῦτα

60 2633 64 2640 ¹
124 2559 369 2640 πεποιηκότων,
402 2554 457 2619 καί
489 2556 676 2639 γράφονται
707 2555 769 2638 την
800 2557 900 2620 πόλιν
929 2556 1048 2623 αὐτῶν
1069 2556 1135 2622 άσε

124 2649 223 2730 βείας.
268 2645 303 2710 οί
331 2641 510 2726 δλΡηνεῐς
541 2643 789 2726 ημανάκτηυταί
815 2667 850 2709 τε
882 2653 929 2732 τῷ
960 2648 1132 2733 πράγματι,

124 2733 179 2798 καὶ
202 2741 468 2817 προσκαλοῦνται
490 2735 640 2815 Δηλίους
661 2735 723 2816 την
751 2732 856 2816 αὐτὴν
880 2711 991 2818 δίκην.
1039 2737 1155 2818 οὔσηςλ

125 2819 162 2888 δὲ
185 2846 241 2905 της
266 2823 489 2905 διαδικασίας,
520 2821 677 2903 ὁπότεροί
705 2823 791 2887 εἰσιν
824 2822 860 2887 οί
888 2823 926 2888 τὸ
955 2825 1061 2910 ἔργον
1087 2845 1133 2889 πε-

124 2915 311 2994 ποιηκότες,
344 2911 483 3026 ἠρώτων
513 2912 548 2976 οί
571 2908 695 2992 Ρηνεϊς
722 2913 800 2987 τους
823 2914 916 2994 Ληλ
914 2935 992 2996 ους,
1028 2911 1075 2980 δι’
1099 2912 1133 2995 ἣν

124 3003 234 3066 αίτιαν
257 2997 379 3111 (ὅπλ’
362 3025 407 3076 υς
439 3000 560 3076 αὑτοὺς
593 2999 766 3084 ἀφίκοντο·
800 3000 876 3065 οὔτε
908 3002 975 3084 γάρ
1011 3000 1133 3088 λιμένας

126 3086 212 3155 εἶναι
235 3086 312 3174 παρ’
336 3089 449 3166 αὑτοῖς
469 3089 544 3154 οὔτε
564 3087 774 3173 ἐμπόριον’
742 3091 819 3154 ούτε
838 3090 945 3175 άλλην
964 3091 1132 3179 διατριβὴν

194 3272 228 3319 68
252 3265 364 3317 ἐνταυθὶ
388 3261 432 3332 (0)
451 3263 564 3317 Puisch
585 3265 624 3327 Sa
648 3263 697 3317 sed
720 3280 745 3319 v.
760 3262 952 3320 Meisterhcns
974 3266 1024 3322 Gr.
1044 3268 1071 3322 d
1087 3266 1129 3321 cii·

121 3335 366 3390 inschr.116².-
387 3338 421 3387 70
441 3334 591 3406 Ρηνεῦιιν]
612 3328 967 3407 ‘ann(1)e0crv(cf.cinfrc)
986 3338 1130 3395 secundun

121 3404 318 3475 inscriptiones
337 3403 429 3458 verius
449 3407 550 3458 θελ-
567 3407 633 3459 mal.
652 3407 831 3473 ἠγανάκτουν
848 3424 938 3463 τε.-
959 3406 1127 3479 διαδικπάοι]

123 3479 242 3532 δικαιίαε
260 3477 405 3530 codex-
421 3475 520 3529 addidi
538 3478 581 3545 ἄν,
600 3477 634 3531 cf.
650 3477 765 3546 Antiph.
781 3483 806 3546 ὅ,
817 3483 850 3532 62
866 3477 903 3534 cl.
923 3479 1028 3543 Malim
1046 3483 1129 3537 anien

123 3551 162 3602 δι’
179 3549 271 3615 ἥντιν’
290 3550 324 3601 ἂν
348 3545 394 3600 vel
422 3548 467 3601 διὰ
490 3547 547 3601 τίν’
566 3520 664 3602 άν-
630 3551 792 3604 -αὑτοὺι
814 3566 866 3605 scr.
889 3566 944 3620 pro
968 3554 1128 3611 αὐτοὺς.-
