2378 3944
128 183 193 247 104
496 185 768 240 ΑΠΟΕΠΑΕΜΑΤΙΑ

86 351 113 391 ου
219 330 270 393 62.
294 330 520 414 ποδοστράβῃ·
544 331 620 394 Ὑπ.
645 329 680 394 ἔν
700 352 735 394 τε
754 336 800 416 τῷ
819 329 893 394 κατ’
913 329 1128 411 Ἀθηνογένουε

128 417 172 504 (ν.
191 419 251 483 οολ.
274 419 304 498 8,
328 417 386 506 25)
410 421 461 483 καὶ
484 421 520 483 ἐν
543 424 589 503 τῷ
612 418 684 482 κατ’
702 419 835 485 Αὐτοκλ.
880 419 983 504 Harp.

87 528 114 568 ου
218 507 268 572 63.
292 508 369 572 Ὑπ.
398 510 433 572 ἐν
461 513 507 592 τῷ
534 507 606 572 κατ’
630 509 762 573 Αὐτοκλ.
793 509 981 587 προδοείαε·
1016 509 1133 594 ῥητορο

127 604 187 679 κῆς
210 594 245 660 ἐκ
268 597 377 679 δήμου
401 596 488 678 (scil.
513 597 673 677 γραφῆε)·
702 597 765 662 ἔετι
793 599 854 677 γὰρ
882 600 935 662 καὶ
959 600 996 662 ἐκ
1021 603 1135 679 βουλῆε.

28 679 31 685 ’
127 685 202 749 Lex.
227 686 405 770 cantabrig.
428 686 554 768 ρ.677,
576 687 625 751 16.

87 795 113 834 ιι
218 774 268 838 64.
293 776 483 858 στρατηγοί·
511 811 547 820 -
575 775 607 838 οἱ
635 773 709 839 καθ’
737 775 869 839 ἕκαετον
899 776 1054 842 ἐνιαυτὸν
1084 798 1140 856 χει·

128 863 360 942 ροτονούμενοι
383 865 553 942 (τρατηγοὶ
576 859 604 926 ι’
627 864 714 943 ἦεαν,
739 864 783 927 ιὶιε
807 869 920 943 μαθεῖν
944 863 1033 930 έετιν
1056 866 1090 930 ἔκ
1109 887 1140 930 τε

127 955 193 1015 τῶν
212 951 407 1029 Ὑπερείδου
427 950 498 1017 κατ’
522 952 653 1017 Αὐτοκλ.
678 954 729 1016 καὶ
753 954 788 1018 ἐκ
809 959 866 1033 τῆε
885 952 1069 1033 Ἀθηναίων
1087 977 1141 1020 πο·

129 1039 247 1104 λιτείαε
270 1037 514 1118 Ἀριετοτέλουε.
560 1040 662 1124 Harp.

86 1151 114 1191 οι
218 1127 269 1192 65.
294 1131 462 1209 Μέμνημαι
490 1131 525 1193 δέ
557 1131 610 1194 καὶ
636 1131 709 1209 περὶ
738 1135 796 1194 τοῦ
823 1135 879 1210 τῆς
907 1132 1049 1216 γνώμης
1075 1133 1144 1198 ὀνό·

129 1237 228 1295 ματοε
257 1216 366 1300 εἰπών,
400 1219 444 1282 ὼε
475 1219 528 1282 ἐπὶ
559 1222 626 1283 τῶν
661 1223 808 1283 παλαιῶν
840 1221 876 1284 ἐν
908 1219 968 1305 Iup
1005 1222 1071 1287 εἴτε
1103 1228 1146 1306 τῷ

129 1305 272 1369 διανοίαε
310 1305 373 1371 εἴτε
411 1308 461 1371 καὶ
499 1309 676 1387 ἐννοήεειυε
714 1310 845 1385 ἐλέγετο
873 1345 916 1355 -
948 1346 989 1357 -
1016 1313 1070 1376 καὶ
1099 1312 1145 1376 Αἰ-

129 1394 235 1474 εχίνηε
263 1396 298 1458 δέ
327 1395 407 1460 κατὰ
438 1396 552 1460 τούεδε
577 1396 595 1459 ὁ
624 1398 821 1475 (ωκρατικὸε
849 1398 885 1462 ἐν
914 1404 962 1482 τῷ
989 1401 1146 1484 Μιλτιάδῃ

129 1484 209 1548 κατὰ
231 1485 269 1548 τὸ
298 1485 377 1549 αὐτὸ
409 1485 642 1564 εημαινόμενον
671 1488 820 1564 κέχρηται
851 1491 897 1570 τῷ
929 1487 1070 1567 ὀνόματι
1100 1492 1147 1554 καὶ

127 1573 204 1637 Ὑπ.
229 1573 265 1637 ἐν
292 1579 339 1657 τῷ
367 1572 439 1638 κατ’
462 1574 533 1638 Αὐτ.
562 1575 614 1638 καὶ
643 1573 744 1639 ἄλλοι.
769 1573 912 1640 Galenus
940 1577 1009 1642 vol.
1029 1577 1146 1657 XVIII,

129 1663 149 1726 2
173 1685 204 1745 p.
224 1662 288 1727 656
313 1685 359 1746 sq.
384 1662 493 1726 Kfihn.

73 1843 109 1883 x1
405 1821 478 1886 XII.
502 1823 611 1887 ΠΡΟ(
635 1824 871 1889 ΔΑΜΙΠΠΟΝ.

91 1968 117 2007 ιο
221 1947 273 2011 66.
296 1947 497 2030 πρόσκλησις
520 1948 538 2025 ἡ
560 1948 605 2011 εἰ(
623 1950 822 2028 δικαετήριον
840 1951 955 2028 κλῆειε,
979 1953 1037 2015 καὶ
1054 1969 1145 2035 προο-

128 2033 333 2099 καλέσασθαι
368 2036 406 2098 τὸ
444 2038 680 2114 παραγγέλλειν
718 2037 761 2101 εἰς
795 2036 897 2114 δίκην·
937 2039 1144 2119 Δημοεθένηε

129 2126 165 2189 ἐν
188 2130 234 2208 τῷ
258 2125 330 2202 περὶ
353 2128 412 2188 τοῦ
435 2123 563 2202 Ἁγνίου
587 2128 715 2205 κλήρου,
739 2125 816 2189 Ὑπ.
839 2127 947 2210 ἐντῷ
972 2131 1060 2208 πρὸ(
1082 2130 1143 2194 Δά-

129 2234 259 2293 μιππον.
307 2211 467 2296 Harpocr.
1184 2212 1186 2221 '

74 2396 124 2435 XII
477 2372 567 2438 XIII.
591 2374 801 2439 ΔΗΛΙΑΚΟΕ.

219 2497 266 2565 cf.
281 2497 373 2562 Dem.
388 2497 427 2561 de
443 2519 561 2561 corona
576 2499 595 2577 ἓ
613 2499 688 2579 134;
709 2498 819 2583 Biogr.
836 2497 867 2563 X
882 2503 965 2565 οιαλ
984 2523 1018 2587 p.
1035 2503 1098 2568 849
1108 2501 1141 2584 F;

129 2587 283 2671 Apollon.
308 2585 374 2651 vit.
403 2585 519 2650 Aesch.
547 2609 577 2670 p.
601 2587 668 2651 402
696 2588 744 2651 ed.
772 2587 879 2672 turic.;
915 2587 1078 2677 Hermog.
1099 2588 1141 2654 ΠΙ

128 2700 157 2760 p.
178 2677 242 2741 219
263 2675 329 2758 W.;
370 2673 456 2738 Max.
479 2673 571 2739 Plan.
595 2673 626 2738 V
648 2698 680 2759 p.
703 2676 769 2741 482
788 2675 854 2757 W.;
892 2676 1062 2764 Anonym.
1083 2676 1140 2745 VII

127 2788 158 2849 p.
178 2766 219 2830 26
239 2763 302 2841 W„
326 2785 421 2859 quem
445 2764 553 2845 locum
578 2759 622 2850 (v.
642 2785 740 2848 supra
763 2765 802 2828 de
820 2764 906 2849 Hyp.
925 2766 1036 2852 eloqu.
1055 2767 1139 2834 indie.

128 2860 190 2918 νει.
215 2850 303 2938 adn.)
331 2856 418 2917 recte
444 2853 508 2918 huo
531 2853 631 2917 refert
653 2851 725 2936 Bb.;
759 2853 863 2919 Anon.
888 2852 1024 2939 Seguer.
1052 2860 1139 2937 τέχνη

129 2943 196 3023 ῥητ.
219 2965 250 3026 p.
267 2941 333 3007 439
358 2939 411 3026 Sp.
435 2938 583 3028 (Cornut.
608 2942 656 3007 ed.
680 2940 826 3006 Graeven
848 2966 879 3027 p.
902 2942 971 3031 19).

89 3056 114 3095 ιι
221 3032 272 3097 67.
297 3033 436 3111 Λέγεται
458 3031 521 3115 γὰρ
545 3031 606 3112 τὴν
629 3031 729 3114 Λητὼ
751 3039 901 3096 κυοῦσαν
923 3035 1007 3113 τοὺς
1031 3035 1138 3109 παῖδας

129 3120 165 3186 ἐκ
197 3120 281 3195 Διὸς
308 3117 509 3184 ἐλαύνεσθαι
537 3119 602 3184 ὑπὸ
631 3128 689 3197 τῆς
703 3116 809 3205 Ἥρας
834 3121 917 3186 κατὰ
945 3131 1061 3190 πᾶσαν
1085 3130 1138 3206 γῆν

128 3208 185 3275 καὶ
204 3209 386 3274 θάλατταν·
410 3209 473 3290 ἤδη
494 3205 531 3273 δὲ
551 3209 656 3292 αὐτὴν
674 3208 910 3294 βαρυνομένην
927 3208 1136 3297 καῖἀνιοροῦ·

202 3408 235 3458 64
250 3403 281 3456 ἐκ
290 3405 341 3456 τοθ
353 3400 485 3467 ὑπερέδου
500 3404 544 3454 καὶ
554 3403 740 3457 ταυτοκλέουε
750 3400 828 3456 BCG.
837 3433 869 3442 -
881 3407 915 3456 65
924 3407 992 3459 κατ’
1002 3368 1129 3467 αιἠ6Δῌ

129 3478 227 3530 κλέουε
245 3472 324 3537 1ibri;
349 3488 401 3526 em.
417 3470 444 3525 S.
464 3501 496 3510 -
522 3478 554 3526 67
574 3472 664 3527 Αιιοιι.
685 3473 722 3526 ad
740 3473 871 3543 Hermog.
887 3472 941 3529 VII
956 3493 988 3546 ρ.
1004 3480 1060 3535 966
1074 3474 1117 3531 ιιοΙ

130 3549 146 3599 ὁ
167 3549 236 3616 Ὑπ.,
256 3547 371 3614 ὁριεθεί(
390 3543 554 3609 ἐγκωμιάεαι
572 3545 623 3599 τὸν
640 3546 764 3600 Ἀπόλλω
783 3548 829 3600 καὶ
847 3548 884 3616 μὴ
904 3548 1039 3619 δυνηθεὶς
1054 3550 1117 3619 θεολ

1081 3728 1098 3751 ι’Ι

1048 3764 1051 3771 Ι
1071 3764 1075 3771 1
1086 3750 1096 3769 ¹?

1085 3822 1107 3843 .“.“

1113 3884 1117 3893 .
