2378 3944
84 174 177 230 XVIII
485 173 693 230 PRAEFATIO

86 325 180 385 Porro
203 344 264 384 non
286 324 374 385 modo
398 315 668 406 pequlluxdrurv,
698 315 901 406 ὑΙπαρξάεηε,
932 323 984 384 sed
1011 323 1107 383 etiam

87 405 225 495 uuoltin,
255 406 425 495 dvlqpqrur.
472 413 554 472 Haec
586 413 673 472 facile
706 414 888 489 tolerantur3
921 412 973 472 sed
1005 431 1110 489 neque

88 494 247 585 uprtroulc
270 497 537 577 ἀντιταξαμένου(
560 501 701 561 dirimere
726 503 790 562 sani
813 503 942 562 hominis
967 504 1026 574 est,
1052 521 1105 561 ne·

88 613 145 668 que
160 592 358 666 προετῆν·αι,
373 589 530 665 γέγον-εν,
544 586 710 666 ἡγεμόν-α,
725 587 905 665 roc-uiroc,
920 590 1106 666 roc-odron,

87 676 188 741 h'c-ov.
236 680 416 758 Aegyptius,
440 679 537 756 credo,
560 681 647 738 homo
668 678 838 757 Graeceque
858 699 966 755 parum
986 678 1106 756 doctus,

87 790 156 831 cum
179 771 210 829 in
228 770 347 828 litteras
368 765 393 830 N
413 763 498 828 vel(
515 769 607 828 toties
626 769 657 827 in
675 768 734 827 fine
752 770 968 829 vocabulorum
986 769 1105 843 poeltas

84 859 255 932 incidisset,
289 857 453 917 dormitans
485 861 639 934 tamquam
677 857 763 917 finito
800 859 947 918 vocabulo
980 875 1107 918 versum

88 948 205 1007 clausit
250 945 442 1006 Adversum
470 946 649 1022 explendum
677 947 781 1006 eodem
809 947 863 1006 illo
892 947 978 1026 signo
1002 959 1030 1020 7
1055 947 1106 1006 vel

88 1037 180 1096 semel
202 1037 252 1097 vel
279 1036 325 1095 bis
354 1036 454 1112 posito
483 1036 592 1109 ullium
625 1038 784 1111 praeterea
815 1036 975 1111 aliquoties
1010 1035 1106 1094 etiam

87 1125 175 1184 lineis
198 1125 379 1184 transversis
402 1124 594 1200 longissimis,
618 1143 746 1200 quarum
764 1124 830 1184 loco
849 1124 1002 1184 commode
1021 1127 1105 1184 totas

88 1214 220 1292 syllabas
243 1206 291 1274 vel
315 1214 407 1272 etiam
429 1231 517 1273 voces
541 1213 669 1272 scribere
693 1213 807 1290 potuit,
830 1213 1011 1290 praesertim
1034 1233 1106 1272 cum

87 1304 210 1362 illorum
233 1321 376 1363 versuum
398 1302 518 1361 litterae
547 1321 665 1378 quoque
695 1302 806 1360 mirum
835 1302 868 1361 in
895 1302 1018 1361 modurn
1041 1301 1104 1362 dis-

87 1396 203 1451 tractae
231 1393 305 1468 sint3
332 1391 435 1466 itaque
458 1391 502 1449 ibi
521 1391 581 1450 alia
600 1391 678 1450 ratio
697 1391 828 1451 valuisse
849 1392 978 1452 videtur.
1025 1391 1106 1450 Rur-

88 1501 139 1541 sus
157 1482 189 1541 in
207 1480 357 1559 angustiis
377 1480 467 1556 spatii
485 1480 534 1540 vel
552 1479 682 1538 minores
701 1478 778 1538 fiunt
797 1480 916 1540 litterae
930 1480 978 1540 vel
992 1481 1105 1540 ultima

87 1571 292 1648 paenultimae
315 1568 537 1645 superponitur.
572 1569 850 1645 Intarpunctionem
872 1574 992 1646 praeter
1016 1589 1105 1645 para-

55 1724 58 1731 ,
87 1659 238 1736 graphum
252 1658 344 1716 etiam
357 1657 468 1717 lineola
481 1660 666 1734 punctumve
682 1653 819 1734 ((τιγμή)
835 1658 867 1716 in
883 1677 998 1717 summo
1013 1678 1108 1719 versu

87 1747 302 1822 interpositum
325 1739 527 1826 significat*);
551 1747 603 1805 sed
626 1747 757 1805 maxime
779 1747 972 1823 neglegentia
996 1748 1029 1804 in
1047 1748 1107 1806 hac

87 1856 121 1895 re
144 1835 286 1895 librarius
309 1839 446 1896 versatus
477 1838 530 1894 est.
576 1835 667 1894 Initio
697 1835 846 1895 scribendi
874 1836 1004 1894 alacrior
1031 1837 1108 1913 fuit3

88 1927 160 2002 post
183 1925 280 2002 magis
312 1924 467 2002 magisque
499 1942 603 1985 somno
636 1942 796 1999 oppressus
830 1927 860 1984 et
891 1924 944 1983 ubi
976 1923 1107 1985 debs‘bat

88 2014 302 2089 interpungere
327 2013 429 2073 omisit
453 2016 482 2071 et
505 2012 558 2072 uhi
580 2032 642 2072 non
665 2012 793 2072 debebat
821 2014 908 2089 signa
932 2032 987 2072 sna
1012 2032 1106 2089 appo·

89 2103 159 2162 suit.
208 2102 314 2179 Neque
347 2102 476 2160 correxit
507 2101 680 2178 quisquam,
717 2105 749 2161 et
781 2103 900 2162 omnino
929 2121 944 2160 a
973 2103 1106 2161 maximo

88 2210 214 2251 numero
244 2194 412 2250 erratorum
441 2190 623 2266 paucissima
651 2209 669 2248 a
692 2190 816 2250 librario
839 2191 905 2267 ipso
929 2191 1009 2249 inter
1033 2190 1105 2250 scri·

91 2280 224 2341 bendum
247 2279 413 2357 emendata,
436 2280 553 2354 reliqna
576 2280 691 2338 intacta
714 2283 897 2338 manserunt.

5 2375 72 2456 ffl⁰
99 2375 134 2455 ξ’,
233 2367 329 2446 §IL
366 2368 410 2427 De
446 2368 537 2428 rebus
574 2369 812 2445 orthographicis
849 2370 923 2428 haec
956 2369 1107 2428 monenda

2 2428 126 2511 miiiiisi
145 2459 294 2519 videntur.
339 2457 408 2517 Iota
431 2460 548 2517 mutum
575 2457 649 2516 satis
673 2455 835 2535 diligenter
857 2457 1008 2536 additum,
1036 2476 1105 2516 raro

145 2548 302 2625 omissum
326 2542 412 2620 ἐγώι,
431 2543 561 2619 ἐπιεικῆι
580 2565 715 2622 quaeque
736 2546 846 2605 similia
865 2549 936 2605 sunt
956 2564 1106 2623 nusquam

91 2636 291 2711 reperiuntur.
329 2632 359 2695 ΕΙ
381 2634 585 2712 diphthongus
603 2654 658 2711 pro
680 2632 686 2696 I
708 2635 800 2713 longa
817 2635 914 2696 vocali
932 2635 1105 2711 frequenter

91 2823 188 2877 studui
206 2822 236 2877 in
259 2821 468 2891 „Miscellaneie
487 2819 700 2891 epigraphieis“
720 2824 755 2890 (v.
776 2821 904 2877 Saturam
928 2819 1104 2890 philologum

89 2894 185 2949 Herm.
206 2892 331 2962 Sauppio
355 2892 481 2948 oblatam
498 2910 526 2963 p.
544 2895 620 2964 123);
643 2892 678 2946 cf.
698 2893 784 2946 etiam
803 2893 849 2948 lw.
868 2892 971 2947 Miiller
993 2891 1103 2946 Handb.

89 2965 109 3117 i·
125 2982 147 3019 θ’
162 2983 193 3104 'ii
208 2969 381 3116 {ii'Handh
400 3034 419 3090 l.
436 3052 458 3090 o.
484 3034 604 3117 ¹Puncta
621 3032 689 3089 bina
706 3036 738 3117 (r)
761 3051 824 3089 cum
843 3034 1021 3105 paragrapho
1041 3050 1104 3115 con3

90 3110 188 3162 runata
210 3107 298 3161 habet
320 3109 447 3176 privatus
469 3105 582 3161 libellus
602 3122 685 3174 quem
707 3122 765 3159 ram
784 3124 868 3176 supra
889 3122 1105 3161 commemoravi

92 3177 220 3248 (v.p.XII
230 3178 355 3249 adn.**);
368 3179 474 3247 puncto
484 3177 543 3231 solo
554 3176 719 3231 distinctum
729 3179 773 3231 est
781 3179 812 3231 in
820 3178 1105 3243 IliadaBanlresiana3

90 3251 140 3304 sed
157 3248 189 3303 id
206 3252 341 3320 punctum
359 3248 401 3304 ibi
415 3247 499 3302 etiam
515 3247 613 3302 circuli
626 3247 728 3303 minuti
741 3248 788 3302 vel
801 3248 972 3304 semicirculi
985 3250 1118 3302 formam·

91 3322 217 3391 assumit,
237 3321 352 3391 ponitur
370 3322 465 3374 autem
484 3334 593 3389 semper
611 3318 642 3373 in
660 3336 769 3374 summo
788 3337 877 3377 versu.
907 3321 1014 3375 Eadem
1031 3317 1105 3372 ratio

92 3391 203 3447 obtinet
220 3391 251 3445 in
265 3391 407 3461 Euripidis
425 3391 586 3461 fragmento
605 3390 819 3446 membranaceo
840 3392 886 3449 lV.
906 3393 1026 3446 fortasse
1046 3405 1105 3444 eae-

16 3458 20 3468 ’
91 3464 156 3530 culi,
176 3463 251 3532 quod
270 3463 346 3518 edidi
364 3462 395 3515 in
408 3461 478 3517 Mus.
493 3460 582 3517 Rhen.
598 3468 668 3518 1880
687 3481 714 3532 p.
729 3467 781 3517 290
800 3462 843 3534 (U.
858 3464 990 3518 Wilcken
1006 3459 1106 3517 Tafeln

88 3554 114 3590 n.
134 3537 242 3589 alteren
261 3552 301 3605 gr.
320 3533 467 3602 Palaeogr.
485 3532 516 3589 Τ.
531 3533 589 3603 lv).
