<?xml version="1.0" encoding="UTF-8"?>
<!DOCTYPE html PUBLIC "-//W3C//DTD XHTML 1.0 Transitional//EN"
    "http://www.w3.org/TR/xhtml1/DTD/xhtml1-transitional.dtd">
<html xmlns="http://www.w3.org/1999/xhtml" xml:lang="en" lang="en">
 <head>
  <title>
</title>
<meta http-equiv="Content-Type" content="text/html;charset=utf-8" />
  <meta name='ocr-system' content='tesseract 3.04.00' />
  <meta name='ocr-capabilities' content='ocr_page ocr_carea ocr_par ocr_line ocrx_word'/>
</head>
<body>
  <div class='ocr_page' id='page_1' title='image "./orationessexcum01hypegoog_0173.png"; bbox 0 0 2392 3960; ppageno 0'>
   <div class='ocr_carea' id='block_1_1' title="bbox 442 186 1084 251">
    <p class='ocr_par' dir='ltr' id='par_1_1' title="bbox 442 186 1084 251">
     <span class='ocr_line' id='line_1_1' title="bbox 442 186 1084 251; baseline -0.005 -11"><span class='ocrx_word' id='word_1_1' title='bbox 442 186 715 240; x_wconf 71' lang='lat' dir='ltr'>AnomAcMAnA</span> <span class='ocrx_word' id='word_1_2' title='bbox 1020 186 1084 251; x_wconf 90' lang='lat'>111</span> 
     </span>
    </p>
   </div>
   <div class='ocr_carea' id='block_1_2' title="bbox 283 345 1141 520">
    <p class='ocr_par' dir='ltr' id='par_1_2' title="bbox 283 345 1141 520">
     <span class='ocr_line' id='line_1_2' title="bbox 283 345 1141 414; baseline 0 -2"><span class='ocrx_word' id='word_1_3' title='bbox 283 345 406 412; x_wconf 86' lang='lat' dir='ltr'><strong>XVIII.</strong></span> <span class='ocrx_word' id='word_1_4' title='bbox 428 349 538 413; x_wconf 88' lang='grc' dir='ltr'>ΥΠΕΡ</span> <span class='ocrx_word' id='word_1_5' title='bbox 561 349 872 414; x_wconf 88' lang='grc' dir='ltr'>ΔΗΜΟΠΟΙΗΤΟΥ</span> <span class='ocrx_word' id='word_1_6' title='bbox 1063 372 1141 412; x_wconf 67' lang='lat' dir='ltr'>mh</span> 
     </span>
     <span class='ocr_line' id='line_1_3' title="bbox 497 453 658 520; baseline 0.006 -15"><span class='ocrx_word' id='word_1_7' title='bbox 497 453 522 505; x_wconf 83' lang='grc' dir='ltr'>εἰ</span> <span class='ocrx_word' id='word_1_8' title='bbox 538 453 658 520; x_wconf 80' lang='grc' dir='ltr'>γνήςιος</span> 
     </span>
    </p>
   </div>
   <div class='ocr_carea' id='block_1_3' title="bbox 66 561 1140 823">
    <p class='ocr_par' dir='ltr' id='par_1_3' title="bbox 66 561 1140 823">
     <span class='ocr_line' id='line_1_4' title="bbox 158 561 1140 644; baseline 0 -18"><span class='ocrx_word' id='word_1_9' title='bbox 158 562 211 626; x_wconf 74' lang='grc'>94.</span> <span class='ocrx_word' id='word_1_10' title='bbox 234 562 307 626; x_wconf 89' lang='grc' dir='ltr'>Ὅτι</span> <span class='ocrx_word' id='word_1_11' title='bbox 329 562 365 625; x_wconf 86' lang='grc' dir='ltr'>δὲ</span> <span class='ocrx_word' id='word_1_12' title='bbox 388 561 516 626; x_wconf 82' lang='grc' dir='ltr'>τούτοις</span> <span class='ocrx_word' id='word_1_13' title='bbox 543 567 641 641; x_wconf 82' lang='grc' dir='ltr'>μετῆν</span> <span class='ocrx_word' id='word_1_14' title='bbox 668 567 725 641; x_wconf 88' lang='grc' dir='ltr'>τῆς</span> <span class='ocrx_word' id='word_1_15' title='bbox 752 562 928 640; x_wconf 71' lang='grc' dir='ltr'>πολιτείας,</span> <span class='ocrx_word' id='word_1_16' title='bbox 958 562 1006 628; x_wconf 81' lang='grc' dir='ltr'>οἷς</span> <span class='ocrx_word' id='word_1_17' title='bbox 1034 563 1083 644; x_wconf 86' lang='grc' dir='ltr'>εἴη</span> <span class='ocrx_word' id='word_1_18' title='bbox 1100 587 1140 626; x_wconf 88' lang='grc' dir='ltr'>ιω</span> 
     </span>
     <span class='ocr_line' id='line_1_5' title="bbox 66 651 1085 734; baseline 0.002 -19"><span class='ocrx_word' id='word_1_19' title='bbox 66 653 152 716; x_wconf 89' lang='grc' dir='ltr'>Ζεὺς</span> <span class='ocrx_word' id='word_1_20' title='bbox 176 653 306 730; x_wconf 62' lang='grc' dir='ltr'>ἕρκειος</span> <span class='ocrx_word' id='word_1_21' title='bbox 331 653 492 730; x_wconf 78' lang='grc' dir='ltr'>δεδήλωκε</span> <span class='ocrx_word' id='word_1_22' title='bbox 515 653 568 714; x_wconf 87' lang='grc' dir='ltr'>καὶ</span> <span class='ocrx_word' id='word_1_23' title='bbox 589 651 665 714; x_wconf 91' lang='grc' dir='ltr'>Ὑπ.</span> <span class='ocrx_word' id='word_1_24' title='bbox 689 653 790 734; x_wconf 83' lang='grc' dir='ltr'>ἐντῷ</span> <span class='ocrx_word' id='word_1_25' title='bbox 808 651 890 730; x_wconf 81' lang='grc' dir='ltr'>ὑπὲρ</span> <span class='ocrx_word' id='word_1_26' title='bbox 910 657 1033 732; x_wconf 82' lang='grc' dir='ltr'>δημοπ,</span> <span class='ocrx_word' id='word_1_27' title='bbox 1057 654 1085 717; x_wconf 90' lang='grc' dir='ltr'>εἰ</span> 
     </span>
     <span class='ocr_line' id='line_1_6' title="bbox 68 738 746 823; baseline -0.003 -19"><span class='ocrx_word' id='word_1_28' title='bbox 68 744 205 819; x_wconf 83' lang='grc' dir='ltr'>γνήςιος</span> <span class='ocrx_word' id='word_1_29' title='bbox 232 776 275 785; x_wconf 93' lang='grc'><strong>-</strong></span> <span class='ocrx_word' id='word_1_30' title='bbox 298 738 398 823; x_wconf 87' lang='lat' dir='ltr'><strong>Harp.</strong></span> <span class='ocrx_word' id='word_1_31' title='bbox 418 762 442 804; x_wconf 85' lang='lat' dir='ltr'>s.</span> <span class='ocrx_word' id='word_1_32' title='bbox 461 762 490 804; x_wconf 87' lang='lat' dir='ltr'>v.</span> <span class='ocrx_word' id='word_1_33' title='bbox 510 741 631 818; x_wconf 82' lang='grc' dir='ltr'>ἕρκειος</span> <span class='ocrx_word' id='word_1_34' title='bbox 654 740 746 804; x_wconf 91' lang='grc' dir='ltr'>Ζεύς.</span> 
     </span>
    </p>
   </div>
   <div class='ocr_carea' id='block_1_4' title="bbox 299 898 855 982">
    <p class='ocr_par' dir='ltr' id='par_1_4' title="bbox 299 898 855 982">
     <span class='ocr_line' id='line_1_7' title="bbox 299 898 855 982; baseline 0.004 -19"><span class='ocrx_word' id='word_1_35' title='bbox 299 898 387 964; x_wconf 77' lang='lat' dir='ltr'><strong>xlx.</strong></span> <span class='ocrx_word' id='word_1_36' title='bbox 412 901 514 964; x_wconf 86' lang='grc' dir='ltr'>κΑτΑ</span> <span class='ocrx_word' id='word_1_37' title='bbox 536 900 793 968; x_wconf 77' lang='grc' dir='ltr'>Διοπειοοκς.</span> <span class='ocrx_word' id='word_1_38' title='bbox 809 901 855 982; x_wconf 88' lang='grc'>(.)</span> 
     </span>
    </p>
   </div>
   <div class='ocr_carea' id='block_1_5' title="bbox 71 1022 1085 1179">
    <p class='ocr_par' dir='ltr' id='par_1_5' title="bbox 71 1022 1085 1179">
     <span class='ocr_line' id='line_1_8' title="bbox 160 1022 1085 1110; baseline 0.001 -21"><span class='ocrx_word' id='word_1_39' title='bbox 160 1022 208 1090; x_wconf 83' lang='lat' dir='ltr'>cf.</span> <span class='ocrx_word' id='word_1_40' title='bbox 232 1045 294 1108; x_wconf 89' lang='lat' dir='ltr'>pro</span> <span class='ocrx_word' id='word_1_41' title='bbox 326 1023 520 1107; x_wconf 83' lang='lat' dir='ltr'><strong>Euxenippo</strong></span> <span class='ocrx_word' id='word_1_42' title='bbox 553 1023 614 1088; x_wconf 83' lang='lat' dir='ltr'><strong>eol.</strong></span> <span class='ocrx_word' id='word_1_43' title='bbox 632 1023 675 1087; x_wconf 86' lang='lat'>39</span> <span class='ocrx_word' id='word_1_44' title='bbox 695 1025 716 1105; x_wconf 57' lang='grc' dir='ltr'><em>ὃ</em></span> <span class='ocrx_word' id='word_1_45' title='bbox 733 1024 787 1089; x_wconf 78' lang='grc'>29.</span> <span class='ocrx_word' id='word_1_46' title='bbox 840 1023 930 1090; x_wconf 84' lang='lat' dir='ltr'>Num</span> <span class='ocrx_word' id='word_1_47' title='bbox 962 1025 1085 1110; x_wconf 74' lang='lat' dir='ltr'><strong>scripta</strong></span> 
     </span>
     <span class='ocr_line' id='line_1_9' title="bbox 71 1113 731 1179; baseline -0.003 -1"><span class='ocrx_word' id='word_1_48' title='bbox 71 1114 236 1179; x_wconf 73' lang='lat' dir='ltr'>exstiterit</span> <span class='ocrx_word' id='word_1_49' title='bbox 258 1113 338 1178; x_wconf 85' lang='lat' dir='ltr'>haec</span> <span class='ocrx_word' id='word_1_50' title='bbox 362 1113 466 1177; x_wconf 80' lang='lat' dir='ltr'>oratio</span> <span class='ocrx_word' id='word_1_51' title='bbox 489 1114 649 1177; x_wconf 81' lang='lat' dir='ltr'><strong>incertum</strong></span> <span class='ocrx_word' id='word_1_52' title='bbox 672 1118 731 1176; x_wconf 71' lang='lat' dir='ltr'><strong>esf.</strong></span> 
     </span>
    </p>
   </div>
   <div class='ocr_carea' id='block_1_6' title="bbox 364 1271 1138 1338">
    <p class='ocr_par' dir='ltr' id='par_1_6' title="bbox 364 1271 1138 1338">
     <span class='ocr_line' id='line_1_10' title="bbox 364 1271 1138 1338; baseline 0 -2"><span class='ocrx_word' id='word_1_53' title='bbox 364 1271 435 1336; x_wconf 86' lang='lat' dir='ltr'>XX.</span> <span class='ocrx_word' id='word_1_54' title='bbox 457 1274 566 1338; x_wconf 80' lang='grc' dir='ltr'>ΠΡΟ(</span> <span class='ocrx_word' id='word_1_55' title='bbox 590 1272 786 1338; x_wconf 86' lang='grc' dir='ltr'><strong>ΔΙΩΝΔΑΝ.</strong></span> <span class='ocrx_word' id='word_1_56' title='bbox 1054 1296 1138 1336; x_wconf 83' lang='lat' dir='ltr'>xvm</span> 
     </span>
    </p>
   </div>
   <div class='ocr_carea' id='block_1_7' title="bbox 63 1395 1135 2012">
    <p class='ocr_par' dir='ltr' id='par_1_7' title="bbox 63 1395 1135 2012">
     <span class='ocr_line' id='line_1_11' title="bbox 157 1395 1081 1481; baseline 0.003 -20"><span class='ocrx_word' id='word_1_57' title='bbox 157 1397 197 1462; x_wconf 81' lang='lat' dir='ltr'>V.</span> <span class='ocrx_word' id='word_1_58' title='bbox 215 1399 308 1462; x_wconf 85' lang='lat' dir='ltr'><strong>Dem.</strong></span> <span class='ocrx_word' id='word_1_59' title='bbox 330 1397 368 1460; x_wconf 89' lang='lat' dir='ltr'>de</span> <span class='ocrx_word' id='word_1_60' title='bbox 391 1419 512 1461; x_wconf 85' lang='lat' dir='ltr'>corona</span> <span class='ocrx_word' id='word_1_61' title='bbox 530 1398 610 1479; x_wconf 78' lang='lat'>2223</span> <span class='ocrx_word' id='word_1_62' title='bbox 633 1395 700 1461; x_wconf 80' lang='lat' dir='ltr'><strong>vit.</strong></span> <span class='ocrx_word' id='word_1_63' title='bbox 719 1396 750 1460; x_wconf 91' lang='lat' dir='ltr'>X</span> <span class='ocrx_word' id='word_1_64' title='bbox 774 1419 819 1461; x_wconf 90' lang='lat' dir='ltr'>or.</span> <span class='ocrx_word' id='word_1_65' title='bbox 842 1420 873 1481; x_wconf 91' lang='lat' dir='ltr'>p.</span> <span class='ocrx_word' id='word_1_66' title='bbox 893 1397 958 1464; x_wconf 87' lang='lat'>848</span> <span class='ocrx_word' id='word_1_67' title='bbox 976 1398 1019 1478; x_wconf 83' lang='lat' dir='ltr'>E,</span> <span class='ocrx_word' id='word_1_68' title='bbox 1042 1401 1081 1464; x_wconf 86' lang='lat' dir='ltr'>cf.</span> 
     </span>
     <span class='ocr_line' id='line_1_12' title="bbox 64 1512 1135 1654; baseline -0.004 -12"><span class='ocrx_word' id='word_1_69' title='bbox 64 1512 87 1574; x_wconf 74' lang='lat' dir='ltr'><strong>p</strong></span> <span class='ocrx_word' id='word_1_70' title='bbox 156 1577 208 1642; x_wconf 84' lang='lat'>95.</span> <span class='ocrx_word' id='word_1_71' title='bbox 233 1576 355 1654; x_wconf 87' lang='grc' dir='ltr'>Μηνύω</span> <span class='ocrx_word' id='word_1_72' title='bbox 379 1575 494 1638; x_wconf 85' lang='grc' dir='ltr'>καύτὸς</span> <span class='ocrx_word' id='word_1_73' title='bbox 525 1575 721 1654; x_wconf 83' lang='grc' dir='ltr'>Ὑπερείδην</span> <span class='ocrx_word' id='word_1_74' title='bbox 742 1575 802 1639; x_wconf 87' lang='grc' dir='ltr'>τὸν</span> <span class='ocrx_word' id='word_1_75' title='bbox 828 1575 942 1653; x_wconf 90' lang='grc' dir='ltr'>καλόν,</span> <span class='ocrx_word' id='word_1_76' title='bbox 974 1578 1082 1641; x_wconf 89' lang='grc' dir='ltr'>πολλὰ</span> <span class='ocrx_word' id='word_1_77' title='bbox 1095 1600 1135 1638; x_wconf 90' lang='lat'>111</span> 
     </span>
     <span class='ocr_line' id='line_1_13' title="bbox 68 1664 1081 1747; baseline -0.001 -16"><span class='ocrx_word' id='word_1_78' title='bbox 68 1667 157 1745; x_wconf 85' lang='grc' dir='ltr'>παρὰ</span> <span class='ocrx_word' id='word_1_79' title='bbox 180 1667 408 1744; x_wconf 86' lang='grc' dir='ltr'>Δημοςθένους</span> <span class='ocrx_word' id='word_1_80' title='bbox 430 1664 621 1744; x_wconf 85' lang='grc' dir='ltr'>κεκλοφότα,</span> <span class='ocrx_word' id='word_1_81' title='bbox 645 1664 682 1728; x_wconf 88' lang='grc' dir='ltr'>έν</span> <span class='ocrx_word' id='word_1_82' title='bbox 704 1686 738 1728; x_wconf 92' lang='grc' dir='ltr'>τε</span> <span class='ocrx_word' id='word_1_83' title='bbox 756 1669 803 1747; x_wconf 84' lang='grc' dir='ltr'>τῷ</span> <span class='ocrx_word' id='word_1_84' title='bbox 827 1665 908 1743; x_wconf 89' lang='grc' dir='ltr'>πρὸς</span> <span class='ocrx_word' id='word_1_85' title='bbox 927 1665 1081 1730; x_wconf 86' lang='grc' dir='ltr'>Διώνδαν</span> 
     </span>
     <span class='ocr_line' id='line_1_14' title="bbox 65 1753 1081 1839; baseline -0.002 -19"><span class='ocrx_word' id='word_1_86' title='bbox 65 1757 156 1839; x_wconf 85' lang='grc' dir='ltr'>λόγῳ</span> <span class='ocrx_word' id='word_1_87' title='bbox 188 1755 247 1819; x_wconf 88' lang='grc' dir='ltr'>κάν</span> <span class='ocrx_word' id='word_1_88' title='bbox 278 1759 325 1838; x_wconf 85' lang='grc' dir='ltr'>τῷ</span> <span class='ocrx_word' id='word_1_89' title='bbox 357 1753 431 1831; x_wconf 88' lang='grc' dir='ltr'>περὶ</span> <span class='ocrx_word' id='word_1_90' title='bbox 462 1756 529 1817; x_wconf 89' lang='grc' dir='ltr'>τῶν</span> <span class='ocrx_word' id='word_1_91' title='bbox 560 1754 724 1832; x_wconf 87' lang='grc' dir='ltr'>Εὐβούλου</span> <span class='ocrx_word' id='word_1_92' title='bbox 757 1757 897 1831; x_wconf 84' lang='grc' dir='ltr'>δωρεῶν.</span> <span class='ocrx_word' id='word_1_93' title='bbox 948 1755 999 1817; x_wconf 85' lang='grc' dir='ltr'>καὶ</span> <span class='ocrx_word' id='word_1_94' title='bbox 1030 1755 1081 1818; x_wconf 84' lang='grc' dir='ltr'>ὅτι</span> 
     </span>
     <span class='ocr_line' id='line_1_15' title="bbox 66 1841 1081 1923; baseline 0 -15"><span class='ocrx_word' id='word_1_95' title='bbox 66 1847 127 1923; x_wconf 83' lang='grc' dir='ltr'>μὲν</span> <span class='ocrx_word' id='word_1_96' title='bbox 155 1844 174 1908; x_wconf 89' lang='grc' dir='ltr'>ὁ</span> <span class='ocrx_word' id='word_1_97' title='bbox 202 1845 312 1922; x_wconf 87' lang='grc' dir='ltr'>έτερος</span> <span class='ocrx_word' id='word_1_98' title='bbox 344 1842 433 1920; x_wconf 87' lang='grc' dir='ltr'>παρὰ</span> <span class='ocrx_word' id='word_1_99' title='bbox 463 1846 522 1905; x_wconf 89' lang='grc' dir='ltr'>τού</span> <span class='ocrx_word' id='word_1_100' title='bbox 555 1841 667 1920; x_wconf 88' lang='grc' dir='ltr'>ἑτέρου</span> <span class='ocrx_word' id='word_1_101' title='bbox 700 1844 863 1920; x_wconf 85' lang='grc' dir='ltr'>μετέθηκε,</span> <span class='ocrx_word' id='word_1_102' title='bbox 900 1842 1081 1920; x_wconf 86' lang='grc' dir='ltr'>πρόδηλον·</span> 
     </span>
     <span class='ocr_line' id='line_1_16' title="bbox 63 1928 1079 2012; baseline -0.002 -14"><span class='ocrx_word' id='word_1_103' title='bbox 63 1934 332 2012; x_wconf 83' lang='grc' dir='ltr'>ςυγχρονούντων</span> <span class='ocrx_word' id='word_1_104' title='bbox 351 1928 379 1994; x_wconf 81' lang='grc' dir='ltr'>δ’</span> <span class='ocrx_word' id='word_1_105' title='bbox 398 1930 515 2008; x_wconf 84' lang='grc' dir='ltr'>αὐτῶν,</span> <span class='ocrx_word' id='word_1_106' title='bbox 534 1932 625 2009; x_wconf 85' lang='grc' dir='ltr'>ἡμῶν</span> <span class='ocrx_word' id='word_1_107' title='bbox 643 1933 702 2008; x_wconf 83' lang='grc' dir='ltr'>μὲν</span> <span class='ocrx_word' id='word_1_108' title='bbox 721 1931 761 1995; x_wconf 85' lang='grc' dir='ltr'>ἂν</span> <span class='ocrx_word' id='word_1_109' title='bbox 780 1930 829 2008; x_wconf 85' lang='grc' dir='ltr'>εἴη</span> <span class='ocrx_word' id='word_1_110' title='bbox 848 1930 956 2009; x_wconf 84' lang='grc' dir='ltr'>ἔργον,</span> <span class='ocrx_word' id='word_1_111' title='bbox 975 1934 1079 2011; x_wconf 88' lang='grc' dir='ltr'>φηςίν,</span> 
     </span>
    </p>
   </div>
   <div class='ocr_carea' id='block_1_8' title="bbox 57 2018 1143 2903">
    <p class='ocr_par' dir='ltr' id='par_1_8' title="bbox 62 2018 1078 2278">
     <span class='ocr_line' id='line_1_17' title="bbox 66 2018 1078 2099; baseline -0.001 -12"><span class='ocrx_word' id='word_1_112' title='bbox 66 2022 95 2087; x_wconf 84' lang='grc' dir='ltr'>ὧ</span> <span class='ocrx_word' id='word_1_113' title='bbox 114 2022 321 2099; x_wconf 85' lang='grc' dir='ltr'>Ἀπολλώνιε,</span> <span class='ocrx_word' id='word_1_114' title='bbox 344 2021 468 2084; x_wconf 85' lang='grc' dir='ltr'>ἐκτῶν</span> <span class='ocrx_word' id='word_1_115' title='bbox 492 2018 621 2098; x_wconf 89' lang='grc' dir='ltr'>χρόνων</span> <span class='ocrx_word' id='word_1_116' title='bbox 644 2019 826 2098; x_wconf 87' lang='grc' dir='ltr'>ἀνιχνεύςαι</span> <span class='ocrx_word' id='word_1_117' title='bbox 848 2021 907 2084; x_wconf 89' lang='grc' dir='ltr'>τὸν</span> <span class='ocrx_word' id='word_1_118' title='bbox 929 2023 1078 2099; x_wconf 85' lang='grc' dir='ltr'>κλέπτην.</span> 
     </span>
     <span class='ocr_line' id='line_1_18' title="bbox 62 2107 1078 2191; baseline -0.004 -14"><span class='ocrx_word' id='word_1_119' title='bbox 62 2113 130 2188; x_wconf 85' lang='grc' dir='ltr'>ἐγὼ</span> <span class='ocrx_word' id='word_1_120' title='bbox 155 2113 191 2175; x_wconf 84' lang='grc' dir='ltr'>δὲ</span> <span class='ocrx_word' id='word_1_121' title='bbox 213 2110 388 2175; x_wconf 83' lang='grc' dir='ltr'>ὑποπτεύω</span> <span class='ocrx_word' id='word_1_122' title='bbox 417 2109 476 2185; x_wconf 82' lang='grc' dir='ltr'>μὲν</span> <span class='ocrx_word' id='word_1_123' title='bbox 502 2110 561 2173; x_wconf 89' lang='grc' dir='ltr'>τὸν</span> <span class='ocrx_word' id='word_1_124' title='bbox 588 2109 797 2191; x_wconf 86' lang='grc' dir='ltr'>ὑφῃρημένον</span> <span class='ocrx_word' id='word_1_125' title='bbox 824 2107 906 2172; x_wconf 83' lang='grc' dir='ltr'>εἶναι</span> <span class='ocrx_word' id='word_1_126' title='bbox 932 2111 992 2174; x_wconf 90' lang='grc' dir='ltr'>τὸν</span> <span class='ocrx_word' id='word_1_127' title='bbox 1018 2110 1078 2189; x_wconf 85' lang='grc' dir='ltr'>Ὑ,</span> 
     </span>
     <span class='ocr_line' id='line_1_19' title="bbox 63 2195 1078 2278; baseline -0.002 -13"><span class='ocrx_word' id='word_1_128' title='bbox 63 2201 187 2278; x_wconf 87' lang='grc' dir='ltr'>ἀδήλου</span> <span class='ocrx_word' id='word_1_129' title='bbox 221 2201 256 2263; x_wconf 84' lang='grc' dir='ltr'>δὲ</span> <span class='ocrx_word' id='word_1_130' title='bbox 289 2197 385 2262; x_wconf 89' lang='grc' dir='ltr'>ὄντος</span> <span class='ocrx_word' id='word_1_131' title='bbox 417 2195 589 2276; x_wconf 88' lang='grc' dir='ltr'>ὁπότερος,</span> <span class='ocrx_word' id='word_1_132' title='bbox 622 2196 741 2275; x_wconf 84' lang='grc' dir='ltr'>ἄγαμαι</span> <span class='ocrx_word' id='word_1_133' title='bbox 773 2199 831 2275; x_wconf 79' lang='grc' dir='ltr'>μὲν</span> <span class='ocrx_word' id='word_1_134' title='bbox 859 2198 1078 2276; x_wconf 86' lang='grc' dir='ltr'>Δημοςθένην,</span> 
     </span>
    </p>

    <p class='ocr_par' dir='ltr' id='par_1_9' title="bbox 62 2286 1143 2642">
     <span class='ocr_line' id='line_1_20' title="bbox 64 2286 1077 2369; baseline -0.004 -15"><span class='ocrx_word' id='word_1_135' title='bbox 64 2291 94 2354; x_wconf 86' lang='grc' dir='ltr'>εἰ</span> <span class='ocrx_word' id='word_1_136' title='bbox 117 2289 227 2369; x_wconf 84' lang='grc' dir='ltr'>λαβὼν</span> <span class='ocrx_word' id='word_1_137' title='bbox 250 2287 338 2366; x_wconf 90' lang='grc' dir='ltr'>παρὰ</span> <span class='ocrx_word' id='word_1_138' title='bbox 364 2286 559 2364; x_wconf 86' lang='grc' dir='ltr'>Ὑπερείδου</span> <span class='ocrx_word' id='word_1_139' title='bbox 589 2287 670 2365; x_wconf 86' lang='grc' dir='ltr'>πρὸς</span> <span class='ocrx_word' id='word_1_140' title='bbox 698 2287 775 2350; x_wconf 91' lang='grc' dir='ltr'>δέον</span> <span class='ocrx_word' id='word_1_141' title='bbox 798 2287 973 2365; x_wconf 88' lang='grc' dir='ltr'>διώρθωςε,</span> <span class='ocrx_word' id='word_1_142' title='bbox 1002 2289 1077 2364; x_wconf 87' lang='grc' dir='ltr'>μέμ·</span> 
     </span>
     <span class='ocr_line' id='line_1_21' title="bbox 63 2374 1143 2458; baseline -0.004 -15"><span class='ocrx_word' id='word_1_143' title='bbox 63 2399 167 2458; x_wconf 89' lang='grc' dir='ltr'>φομυα</span> <span class='ocrx_word' id='word_1_144' title='bbox 195 2379 230 2441; x_wconf 80' lang='grc' dir='ltr'>δὲ</span> <span class='ocrx_word' id='word_1_145' title='bbox 259 2378 318 2440; x_wconf 92' lang='grc' dir='ltr'>τὸν</span> <span class='ocrx_word' id='word_1_146' title='bbox 339 2375 400 2453; x_wconf 81' lang='grc' dir='ltr'>Ὑ,</span> <span class='ocrx_word' id='word_1_147' title='bbox 425 2374 453 2437; x_wconf 87' lang='grc' dir='ltr'>εἰ</span> <span class='ocrx_word' id='word_1_148' title='bbox 480 2377 590 2452; x_wconf 88' lang='grc' dir='ltr'>λαβὼν</span> <span class='ocrx_word' id='word_1_149' title='bbox 621 2375 710 2452; x_wconf 88' lang='grc' dir='ltr'>παρὰ</span> <span class='ocrx_word' id='word_1_150' title='bbox 736 2376 964 2452; x_wconf 85' lang='grc' dir='ltr'>Δημοςθένους</span> <span class='ocrx_word' id='word_1_151' title='bbox 995 2378 1078 2454; x_wconf 85' lang='grc' dir='ltr'>πρὸς</span> <span class='ocrx_word' id='word_1_152' title='bbox 1139 2434 1143 2439; x_wconf 83' lang='lat'><strong>.</strong></span> 
     </span>
     <span class='ocr_line' id='line_1_22' title="bbox 66 2462 1077 2547; baseline -0.004 -15"><span class='ocrx_word' id='word_1_153' title='bbox 66 2471 106 2532; x_wconf 90' lang='grc' dir='ltr'>τὸ</span> <span class='ocrx_word' id='word_1_154' title='bbox 139 2471 251 2545; x_wconf 89' lang='grc' dir='ltr'>χεῖρον</span> <span class='ocrx_word' id='word_1_155' title='bbox 282 2467 477 2541; x_wconf 92' lang='grc' dir='ltr'>διέςτρεψεν.</span> <span class='ocrx_word' id='word_1_156' title='bbox 526 2463 646 2528; x_wconf 84' lang='lat' dir='ltr'><strong>Euseb.</strong></span> <span class='ocrx_word' id='word_1_157' title='bbox 678 2485 824 2547; x_wconf 86' lang='lat' dir='ltr'><strong>praepar.</strong></span> <span class='ocrx_word' id='word_1_158' title='bbox 854 2483 967 2547; x_wconf 82' lang='lat' dir='ltr'><strong>evang.</strong></span> <span class='ocrx_word' id='word_1_159' title='bbox 989 2462 1077 2546; x_wconf 83' lang='lat' dir='ltr'>x,3</span> 
     </span>
     <span class='ocr_line' id='line_1_23' title="bbox 62 2548 956 2642; baseline -0.007 -22"><span class='ocrx_word' id='word_1_160' title='bbox 62 2581 94 2642; x_wconf 88' lang='lat' dir='ltr'>p.</span> <span class='ocrx_word' id='word_1_161' title='bbox 112 2557 180 2621; x_wconf 80' lang='lat'>465</span> <span class='ocrx_word' id='word_1_162' title='bbox 204 2556 252 2618; x_wconf 86' lang='lat' dir='ltr'>ed.</span> <span class='ocrx_word' id='word_1_163' title='bbox 271 2552 380 2637; x_wconf 86' lang='lat' dir='ltr'><strong>Viger.</strong></span> <span class='ocrx_word' id='word_1_164' title='bbox 400 2552 480 2634; x_wconf 82' lang='lat'>(536</span> <span class='ocrx_word' id='word_1_165' title='bbox 503 2575 550 2636; x_wconf 80' lang='lat' dir='ltr'>sq.</span> <span class='ocrx_word' id='word_1_166' title='bbox 570 2548 681 2637; x_wconf 89' lang='lat' dir='ltr'><strong>Dind.)</strong></span> <span class='ocrx_word' id='word_1_167' title='bbox 704 2573 743 2614; x_wconf 82' lang='lat' dir='ltr'>ex</span> <span class='ocrx_word' id='word_1_168' title='bbox 766 2551 956 2635; x_wconf 89' lang='lat' dir='ltr'><strong>Porphyrio.</strong></span> 
     </span>
    </p>

    <p class='ocr_par' dir='ltr' id='par_1_10' title="bbox 57 2637 1131 2903">
     <span class='ocr_line' id='line_1_24' title="bbox 57 2637 1131 2726; baseline -0.006 -18"><span class='ocrx_word' id='word_1_169' title='bbox 57 2705 66 2724; x_wconf 75' lang='grc'>,</span> <span class='ocrx_word' id='word_1_170' title='bbox 152 2645 205 2710; x_wconf 89' lang='grc'>96.</span> <span class='ocrx_word' id='word_1_171' title='bbox 228 2640 336 2708; x_wconf 82' lang='lat' dir='ltr'><strong>Schol.</strong></span> <span class='ocrx_word' id='word_1_172' title='bbox 355 2640 396 2706; x_wconf 86' lang='lat' dir='ltr'>ad</span> <span class='ocrx_word' id='word_1_173' title='bbox 414 2640 507 2706; x_wconf 88' lang='lat' dir='ltr'><strong>Dem.</strong></span> <span class='ocrx_word' id='word_1_174' title='bbox 526 2641 597 2709; x_wconf 80' lang='lat' dir='ltr'><strong>adv.</strong></span> <span class='ocrx_word' id='word_1_175' title='bbox 615 2641 707 2724; x_wconf 83' lang='lat' dir='ltr'><strong>Lept.</strong></span> <span class='ocrx_word' id='word_1_176' title='bbox 726 2637 745 2726; x_wconf 65' lang='grc' dir='ltr'>ξ</span> <span class='ocrx_word' id='word_1_177' title='bbox 765 2641 808 2705; x_wconf 85' lang='grc'>52</span> <span class='ocrx_word' id='word_1_178' title='bbox 829 2639 897 2721; x_wconf 79' lang='grc' dir='ltr'>(ὅθ’</span> <span class='ocrx_word' id='word_1_179' title='bbox 915 2642 935 2719; x_wconf 87' lang='grc' dir='ltr'><strong>ἡ</strong></span> <span class='ocrx_word' id='word_1_180' title='bbox 954 2641 1075 2720; x_wconf 87' lang='grc' dir='ltr'>μεγάλη</span> <span class='ocrx_word' id='word_1_181' title='bbox 1090 2663 1131 2703; x_wconf 78' lang='grc' dir='ltr'>ιω</span> 
     </span>
     <span class='ocr_line' id='line_1_25' title="bbox 62 2729 1076 2822; baseline -0.004 -24"><span class='ocrx_word' id='word_1_182' title='bbox 62 2734 148 2815; x_wconf 86' lang='grc' dir='ltr'>μάχη</span> <span class='ocrx_word' id='word_1_183' title='bbox 172 2734 254 2813; x_wconf 89' lang='grc' dir='ltr'>πρὸς</span> <span class='ocrx_word' id='word_1_184' title='bbox 272 2731 544 2822; x_wconf 80' lang='grc' dir='ltr'>Λακεδαιμονίους</span> <span class='ocrx_word' id='word_1_185' title='bbox 564 2733 695 2808; x_wconf 84' lang='grc' dir='ltr'>ἐγένετο</span> <span class='ocrx_word' id='word_1_186' title='bbox 714 2731 734 2808; x_wconf 85' lang='grc' dir='ltr'>ἡ</span> <span class='ocrx_word' id='word_1_187' title='bbox 753 2732 790 2795; x_wconf 87' lang='grc' dir='ltr'>έν</span> <span class='ocrx_word' id='word_1_188' title='bbox 809 2729 979 2812; x_wconf 84' lang='grc' dir='ltr'>Κορίνθῳ);</span> <span class='ocrx_word' id='word_1_189' title='bbox 1003 2733 1076 2809; x_wconf 91' lang='grc' dir='ltr'>περὶ</span> 
     </span>
     <span class='ocr_line' id='line_1_26' title="bbox 59 2818 1030 2903; baseline -0.005 -15"><span class='ocrx_word' id='word_1_190' title='bbox 59 2826 179 2902; x_wconf 88' lang='grc' dir='ltr'>ταύτης</span> <span class='ocrx_word' id='word_1_191' title='bbox 201 2827 257 2902; x_wconf 85' lang='grc' dir='ltr'>τῆς</span> <span class='ocrx_word' id='word_1_192' title='bbox 280 2823 382 2899; x_wconf 89' lang='grc' dir='ltr'>μάχης</span> <span class='ocrx_word' id='word_1_193' title='bbox 400 2818 475 2884; x_wconf 92' lang='grc' dir='ltr'>Ὑπ.</span> <span class='ocrx_word' id='word_1_194' title='bbox 500 2819 625 2899; x_wconf 85' lang='grc' dir='ltr'>εἴρηκεν</span> <span class='ocrx_word' id='word_1_195' title='bbox 648 2821 685 2885; x_wconf 88' lang='grc' dir='ltr'>ἐν</span> <span class='ocrx_word' id='word_1_196' title='bbox 703 2825 748 2903; x_wconf 85' lang='grc' dir='ltr'>τῷ</span> <span class='ocrx_word' id='word_1_197' title='bbox 767 2821 849 2898; x_wconf 90' lang='grc' dir='ltr'>πρὸς</span> <span class='ocrx_word' id='word_1_198' title='bbox 867 2819 1030 2883; x_wconf 88' lang='grc' dir='ltr'>Διώνδαν.</span> 
     </span>
    </p>
   </div>
   <div class='ocr_carea' id='block_1_9' title="bbox 337 2979 1128 3046">
    <p class='ocr_par' dir='ltr' id='par_1_11' title="bbox 337 2979 1128 3046">
     <span class='ocr_line' id='line_1_27' title="bbox 337 2979 1128 3046; baseline -0.008 -1"><span class='ocrx_word' id='word_1_199' title='bbox 337 2980 425 3045; x_wconf 84' lang='grc' dir='ltr'><strong>ΧΧῘ.</strong></span> <span class='ocrx_word' id='word_1_200' title='bbox 450 2981 552 3046; x_wconf 91' lang='grc' dir='ltr'>ΚΑΤΑ</span> <span class='ocrx_word' id='word_1_201' title='bbox 574 2979 803 3044; x_wconf 59' lang='grc' dir='ltr'>ΔΩΡΟΘΕΟΥΔ</span> <span class='ocrx_word' id='word_1_202' title='bbox 1070 3000 1128 3039; x_wconf 83' lang='lat' dir='ltr'><strong>m</strong></span> 
     </span>
    </p>
   </div>
   <div class='ocr_carea' id='block_1_10' title="bbox 488 3083 647 3150">
    <p class='ocr_par' dir='ltr' id='par_1_12' title="bbox 488 3083 647 3150">
     <span class='ocr_line' id='line_1_28' title="bbox 488 3083 647 3150; baseline -0.006 -13"><span class='ocrx_word' id='word_1_203' title='bbox 488 3083 513 3138; x_wconf 85' lang='grc' dir='ltr'>εἰ</span> <span class='ocrx_word' id='word_1_204' title='bbox 530 3084 647 3150; x_wconf 88' lang='grc' dir='ltr'>γνήςιος.</span> 
     </span>
    </p>
   </div>
   <div class='ocr_carea' id='block_1_11' title="bbox 56 3190 1075 3367">
    <p class='ocr_par' dir='ltr' id='par_1_13' title="bbox 56 3190 1075 3367">
     <span class='ocr_line' id='line_1_29' title="bbox 151 3190 1075 3277; baseline -0.021 -16"><span class='ocrx_word' id='word_1_205' title='bbox 151 3197 204 3261; x_wconf 80' lang='grc'>97.</span> <span class='ocrx_word' id='word_1_206' title='bbox 228 3191 355 3258; x_wconf 84' lang='grc' dir='ltr'>Ἀκούω</span> <span class='ocrx_word' id='word_1_207' title='bbox 383 3194 447 3276; x_wconf 78' lang='grc' dir='ltr'>γάρ</span> <span class='ocrx_word' id='word_1_208' title='bbox 473 3190 644 3260; x_wconf 61' lang='lat' dir='ltr'><em>Ammon</em></span> <span class='ocrx_word' id='word_1_209' title='bbox 670 3193 730 3256; x_wconf 87' lang='grc' dir='ltr'>τὸν</span> <span class='ocrx_word' id='word_1_210' title='bbox 757 3192 882 3277; x_wconf 80' lang='grc' dir='ltr'>ῥήτορα</span> <span class='ocrx_word' id='word_1_211' title='bbox 908 3194 991 3276; x_wconf 71' lang='grc' dir='ltr'>πρὸς</span> <span class='ocrx_word' id='word_1_212' title='bbox 1008 3190 1075 3256; x_wconf 68' lang='grc' dir='ltr'>Ἶπ.</span> 
     </span>
     <span class='ocr_line' id='line_1_30' title="bbox 56 3279 1072 3367; baseline -0.013 -16"><span class='ocrx_word' id='word_1_213' title='bbox 56 3289 201 3351; x_wconf 81' lang='grc' dir='ltr'>πάνικον</span> <span class='ocrx_word' id='word_1_214' title='bbox 228 3286 288 3348; x_wconf 83' lang='grc' dir='ltr'>τὸν</span> <span class='ocrx_word' id='word_1_215' title='bbox 316 3285 465 3348; x_wconf 82' lang='grc' dir='ltr'>Καλλίου</span> <span class='ocrx_word' id='word_1_216' title='bbox 491 3279 567 3367; x_wconf 77' lang='grc' dir='ltr'>περὶ</span> <span class='ocrx_word' id='word_1_217' title='bbox 595 3285 720 3365; x_wconf 80' lang='grc' dir='ltr'>χωρίου</span> <span class='ocrx_word' id='word_1_218' title='bbox 748 3283 840 3357; x_wconf 78' lang='grc' dir='ltr'>τινὸς</span> <span class='ocrx_word' id='word_1_219' title='bbox 867 3281 1072 3365; x_wconf 74' lang='grc' dir='ltr'>ἀμφισβητή-</span> 
     </span>
    </p>
   </div>
   <div class='ocr_carea' id='block_1_12' title="bbox 58 3471 1074 3615">
    <p class='ocr_par' dir='ltr' id='par_1_14' title="bbox 58 3471 1074 3615">
     <span class='ocr_line' id='line_1_31' title="bbox 132 3471 1074 3542; baseline -0.001 -17"><span class='ocrx_word' id='word_1_220' title='bbox 132 3477 166 3525; x_wconf 84' lang='grc'>96</span> <span class='ocrx_word' id='word_1_221' title='bbox 194 3472 326 3529; x_wconf 88' lang='grc' dir='ltr'>Διώνδαν</span> <span class='ocrx_word' id='word_1_222' title='bbox 353 3473 394 3541; x_wconf 81' lang='lat' dir='ltr'>S.;</span> <span class='ocrx_word' id='word_1_223' title='bbox 426 3476 501 3528; x_wconf 76' lang='lat' dir='ltr'><strong>erat.</strong></span> <span class='ocrx_word' id='word_1_224' title='bbox 517 3475 622 3531; x_wconf 74' lang='grc' dir='ltr'>Δίωνα.</span> <span class='ocrx_word' id='word_1_225' title='bbox 651 3506 685 3514; x_wconf 98' lang='grc'>-</span> <span class='ocrx_word' id='word_1_226' title='bbox 713 3479 747 3527; x_wconf 84' lang='grc'>97</span> <span class='ocrx_word' id='word_1_227' title='bbox 776 3491 811 3528; x_wconf 84' lang='lat' dir='ltr'>ex</span> <span class='ocrx_word' id='word_1_228' title='bbox 837 3473 930 3542; x_wconf 68' lang='lat' dir='ltr'><strong>Etym.</strong></span> <span class='ocrx_word' id='word_1_229' title='bbox 952 3471 1022 3527; x_wconf 82' lang='lat' dir='ltr'><strong>laur.</strong></span> <span class='ocrx_word' id='word_1_230' title='bbox 1043 3475 1074 3526; x_wconf 78' lang='lat' dir='ltr'>et</span> 
     </span>
     <span class='ocr_line' id='line_1_32' title="bbox 58 3542 1072 3615; baseline -0.001 -18"><span class='ocrx_word' id='word_1_231' title='bbox 58 3542 181 3612; x_wconf 73' lang='lat' dir='ltr'>Didymo</span> <span class='ocrx_word' id='word_1_232' title='bbox 212 3558 285 3609; x_wconf 72' lang='lat' dir='ltr'>qnae</span> <span class='ocrx_word' id='word_1_233' title='bbox 316 3548 495 3600; x_wconf 67' lang='lat' dir='ltr'><strong>accesserunt</strong></span> <span class='ocrx_word' id='word_1_234' title='bbox 520 3547 627 3615; x_wconf 80' lang='lat' dir='ltr'><strong>primus</strong></span> <span class='ocrx_word' id='word_1_235' title='bbox 654 3547 689 3599; x_wconf 90' lang='lat' dir='ltr'>H.</span> <span class='ocrx_word' id='word_1_236' title='bbox 717 3546 812 3615; x_wconf 83' lang='lat' dir='ltr'>Hager</span> <span class='ocrx_word' id='word_1_237' title='bbox 839 3545 885 3614; x_wconf 81' lang='lat' dir='ltr'>(de</span> <span class='ocrx_word' id='word_1_238' title='bbox 916 3543 1072 3612; x_wconf 76' lang='lat' dir='ltr'>graecitate</span> 
     </span>
    </p>
   </div>
   <div class='ocr_carea' id='block_1_13' title="bbox 0 0 1200 3960">
    <p class='ocr_par' dir='ltr' id='par_1_15' title="bbox 0 0 1200 3960">
     <span class='ocr_line' id='line_1_33' title="bbox 0 0 1200 3960; baseline 0 2"><span class='ocrx_word' id='word_1_239' title='bbox 0 0 1200 3960; x_wconf 95' lang='lat' dir='ltr'> </span> 
     </span>
    </p>
   </div>
  </div>
 </body>
</html>
