2378 3944
466 153 673 209 PRAEFATIO
1016 156 1081 211 XIX

58 306 242 384 usurpatur,
271 304 344 364 adeo
367 308 403 364 nt
426 305 516 364 etiam
541 305 632 364 semel
655 304 823 380 πολιτική(
847 307 878 364 in
901 305 1082 380 πολειτικῆε

58 396 212 453 mutatum
242 393 294 471 sit;
327 393 378 454 sed
410 394 492 453 haud
523 394 623 452 minus
653 413 741 470 saepe
771 390 900 469 πολίτηι
928 399 959 455 et
987 395 1081 469 τιμᾶν

60 501 198 560 quaeque
220 482 332 542 similia
351 485 429 542 sunt.
467 482 545 540 Tum
569 478 644 542 πόλι
668 502 722 558 pro
743 478 837 543 πόλει
861 488 893 543 et
915 480 1003 559 ὕβρι(
1025 505 1080 561 pro

58 567 165 646 ὕβρεις
195 574 227 630 et
249 567 332 650 οἰκίᾳ
355 590 409 647 pro
433 566 546 648 οἰκείᾳ,
575 572 684 648 quibus
714 588 777 631 ινοι
805 591 860 649 pro
888 567 970 633 εἶναι
999 592 1080 633 acce·

59 659 154 736 deret,
177 660 237 719 nisi
260 661 291 718 id
314 660 435 737 quidem
457 661 522 736 ipse
546 661 732 720 correxisset.
774 661 951 721 Mendosum
973 662 1080 722 barba-

58 768 187 824 rumque
211 748 364 822 δυναμειν
382 768 438 825 pro
457 745 591 823 δύναμιν
614 750 758 825 positum.
776 781 815 792 —
832 751 910 809 Tum
933 747 1079 830 ἐπεδ[εύ-

58 840 160 912 θηεαν
188 857 243 913 pro
271 835 504 912 ἐπαιδεύθηεαν
532 841 563 897 et
591 854 722 912 αιωρων
750 858 805 916 pro
834 834 947 914 ἑώρων
973 842 1079 918 primo,

58 927 142 1004 quod
165 927 271 986 deinde
295 930 464 987 correctum
489 929 544 1002 est,
569 930 599 986 et
622 944 696 1000 μετε
720 925 878 1004 prendre
902 932 933 988 et
951 945 1080 1002 οικητα(

56 1035 114 1092 pro
139 1011 271 1090 οἰκέταε,
295 1035 329 1075 ec
353 1016 472 1091 saepius
496 1019 696 1076 consonantes
719 1036 879 1093 perperam
902 1018 1079 1097 geminatae,

58 1108 96 1163 ut
120 1099 327 1164 ἐλλαττόνων
350 1108 381 1165 et
407 1105 581 1181 frequenter
604 1103 796 1179 γεγέννημαι
820 1126 874 1181 pro
898 1104 1079 1181 γεγένημαι.

56 1193 186 1253 Accedit
194 1194 351 1271 proprium
359 1199 518 1272 peceatum
528 1191 787 1271 AegyptiorumA
798 1191 1079 1256 mediae‘ltenuem

56 1282 273 1354 substituendi,
292 1284 372 1358 quod
387 1284 479 1342 etism
497 1283 529 1341 in
542 1283 670 1359 privatis
685 1301 789 1342 eorum
803 1283 915 1343 libellis
929 1285 1078 1343 cernitur:

57 1367 186 1445 πατρίτι
204 1373 300 1448 igitur
317 1372 445 1447 legimus
464 1375 496 1431 et
515 1387 595 1431 ατου
613 1391 667 1448 pro
687 1367 776 1448 ᾅδου,
801 1373 911 1450 quibus
931 1374 1078 1433 accedunt

56 1461 164 1520 statim
187 1464 322 1521 correcta
343 1455 453 1535 ἄντρα,
477 1456 631 1534 εὐτοξίαν,
655 1454 800 1535 ἐφότιον.
841 1462 877 1520 In
900 1462 1079 1521 universnm

55 1550 155 1628 igitur
172 1550 318 1609 iudicanti
335 1551 392 1610 hoc
411 1569 506 1627 genus
525 1549 633 1608 menda
651 1549 682 1607 in
704 1550 851 1649 epitaphii
869 1551 947 1610 libro
967 1553 993 1610 si
1017 1571 1078 1610 non

56 1638 218 1716 crebriora,
237 1638 372 1699 foediora
391 1641 471 1698 certe
490 1639 568 1697 mul
555 1641 585 1698 ο
606 1657 697 1714 quarn
717 1639 749 1696 in
764 1640 808 1697 alt
809 1658 860 1699 ero
875 1641 1077 1715 reperiuntur.

149 1725 240 1803 §12
262 1729 369 1805 Itaque
389 1729 465 1787 siin
483 1747 577 1786 unum
596 1727 696 1809 omnia
719 1727 892 1803 collegeris:
916 1729 1172 1834 mendaofcisosoho

54 1815 149 1890 foede
175 1835 193 1876 a
220 1818 337 1876 nemine
366 1810 513 1890 correcta
541 1835 665 1875 manum
687 1816 803 1874 rudem·
818 1819 909 1893 atque
932 1795 1072 1887 inele-lle
1069 1849 1114 1889 111ss
1073 1796 1166 1891 ΗΟῙΔ

54 1907 196 1982 gentem,
219 1907 341 1966 chartae
360 1906 614 1981 mediocritatem,
638 1905 766 1982 denique
794 1907 875 1982 quod
902 1908 1023 1966 chartae

55 1995 189 2054 adversa
214 2015 285 2071 pers
317 1996 379 2054 iam
410 1995 527 2073 pridem
556 1996 622 2053 erat
649 1994 710 2052 alia
738 1993 889 2070 scriptura
917 1999 1076 2072 occupate:

54 2083 255 2143 manifestum
276 2084 333 2144 tibi
357 2084 415 2144 erit
436 2104 498 2146 nun
521 2101 584 2143 esse
608 2083 685 2142 hanc
709 2083 877 2143 orationem
898 2103 932 2143 eo
952 2085 1076 2145 consilio
1101 2123 1105 2137 ·

55 2173 216 2247 scriptam,
243 2178 278 2234 ut
307 2174 439 2249 pretium
467 2172 543 2231 liber
570 2173 707 2231 mereret.
753 2172 809 2232 Est
837 2176 939 2231 antem
963 2174 1076 2233 dudum

56 2265 260 2337 perspectum,
279 2262 339 2322 duo
357 2281 469 2341 genera
487 2279 552 2321 esse
572 2260 745 2319 chartarum
759 2260 980 2338 Aegyptiarum
999 2281 1075 2339 quae

56 2351 231 2410 litterarum
259 2355 453 2410 monumenta
478 2350 644 2410 continent:
674 2350 803 2409 alterum
827 2351 891 2409 foro
914 2351 1074 2410 mercatui·

56 2459 118 2516 que
142 2439 333 2515 destinatum,
357 2458 431 2516 qnos
454 2440 547 2499 libros
571 2438 692 2514 proprie
716 2457 817 2513 voces,
842 2440 971 2498 alterum
995 2440 1076 2517 quod

55 2529 140 2587 intra
166 2529 319 2604 privatum
347 2549 436 2589 usum
464 2527 589 2606 mansit,
618 2528 704 2586 cuins
731 2527 851 2604 generis
875 2527 1075 2588 clarissimum

57 2618 230 2693 exemplum
252 2619 454 2678 Aristoteleus
477 2618 554 2677 liber
578 2619 632 2675 est.
678 2616 770 2674 Aliud
797 2616 932 2676 eiusdem
955 2620 1074 2695 generis

56 2707 210 2782 specimen
229 2710 275 2766 est
293 2727 426 2784 papyrus
447 2707 484 2766 ab
505 2707 540 2765 H.
555 2704 667 2764 Weilio
691 2704 798 2782 editus,
824 2707 980 2765 continens
1003 2726 1073 2782 poe-

54 2799 159 2854 tarum
187 2799 269 2856 locos
293 2816 311 2855 a
333 2797 435 2872 pneris
465 2793 737 2854 adulescentulisve
761 2795 966 2870 compluribus
991 2815 1073 2855 exer-

55 2886 211 2947 citationis
231 2904 321 2945 causa
340 2886 475 2960 scriptos.
512 2883 559 2941 Ad
583 2882 674 2941 huius
697 2883 793 2960 igitur
815 2883 976 2943 voluminis
1000 2885 1072 2944 alio*

53 2994 183 3053 rumque
207 2975 351 3035 similium
373 2973 548 3033 societatem
568 2970 682 3030 accedit
699 2990 833 3049 papyrus
853 2973 1073 3049 Stobartianus,

57 3067 144 3126 cuius
177 3064 305 3124 scribam
335 3063 424 3122 facile
452 3064 559 3137 putare
591 3078 751 3136 possumus
781 3082 909 3137 puerum
942 3062 1073 3139 aliquem

55 3154 214 3215 scribendo
243 3171 273 3212 se
302 3154 489 3211 exercentem
517 3150 618 3210 fuisse.
664 3150 780 3226 Nempe
804 3154 835 3210 et
857 3152 1072 3229 inelegantiam

54 3233 87 3303 in
110 3242 261 3302 Weiliano
289 3241 414 3301 eandem
440 3259 531 3315 quam
560 3240 593 3296 in
619 3240 675 3298 hoc
704 3239 874 3300 invenimus
904 3243 935 3299 et
963 3259 1070 3299 manns

53 3332 180 3410 perinde
207 3330 422 3391 inexercitatus
452 3332 483 3387 et
505 3327 613 3387 menda
639 3343 699 3386 non
726 3329 826 3387 minus
854 3330 954 3405 foeda;
983 3333 1014 3387 at
1040 3329 1071 3386 in

53 3423 143 3482 libris
166 3421 255 3500 veris,
279 3420 370 3480 utin
393 3418 564 3476 Ardeniano
587 3417 738 3477 volumine
761 3418 946 3495 reliquisque
969 3418 1069 3493 Hype-
1131 3411 1137 3424 '

52 3511 146 3572 rideis
172 3510 297 3588 dnobus,
322 3507 421 3568 omnia
440 3510 545 3566 contra
568 3525 599 3565 se
622 3506 741 3566 habent.

820 3603 838 3656 b
845 3604 858 3633 s
